2988 3942
118 253 152 304 so
494 249 686 300 aaaron
709 247 995 299 TJMORVMENos.
1267 251 1368 317 [v.1.33.

196 434 255 496 Cu.
280 432 416 512 (langas)
442 432 597 491 Hahahae.
650 433 713 490 Mn.
743 429 823 506 Quid
851 431 958 490 risisti?
1005 431 1065 491 Cu.
1092 431 1175 492 Serui
1201 435 1312 494 uenere
1340 434 1370 492 in

498 531 630 588 mentem
645 529 707 604 Syri

275 627 467 689 calliditates.
509 629 571 686 ΜΕ
596 611 704 685 itane?
743 626 801 685 Cn.
821 624 1003 703 (chuckling)
1021 626 1126 686 Voltus
1144 630 1263 704 quoque
1284 627 1363 688 hom·

497 725 579 784 inum
593 725 676 800 fingit
691 724 795 783 scelus.

196 825 259 883 Mn.
274 825 389 884 Gnatus
403 824 485 899 quod
499 841 531 882 se
546 821 701 882 adsimulat
714 821 833 895 laetum,
848 820 879 880 id
893 819 989 881 dicis?
1028 821 1087 882 Cn.
1107 819 1154 880 Id.
1196 823 1259 881 Mn.
1281 822 1367 884 Idem

495 921 570 979 istite
585 920 658 979 mihi
1343 945 1368 994 ις

275 1017 365 1077 Venit
386 1017 417 1075 in
439 1020 578 1076 mentem.
619 1017 678 1076 Cu.
704 1015 886 1095 (chuckling)
911 1016 1077 1076 Veterator.
1123 1018 1186 1075 ΜΕ.
1216 1015 1323 1093 Magis,
1345 1017 1369 1075 si

497 1114 590 1192 magis
604 1117 691 1188 noris,
706 1123 793 1190 putes

276 1197 408 1273 itatem
429 1231 502 1272 esse.
544 1214 604 1273 CH.
625 1212 682 1270 Ain
696 1213 750 1271 tu?
790 1213 852 1271 ΜΕ.
874 1211 1000 1286 Quintu
1013 1211 1153 1272 ausculta.
1195 1211 1254 1273 Crt.
1276 1212 1369 1271 Mine

497 1313 577 1384 dum,
593 1311 651 1368 hoc
664 1309 744 1386 prius
759 1309 834 1368 scire
848 1311 966 1385 expeto,

277 1408 360 1483 Quid
373 1407 547 1487 perdideris.
588 1427 658 1466 nam
671 1408 723 1468 ribi
737 1408 916 1483 desponsam
930 1405 1070 1466 nuntiasti
1085 1406 1157 1479 illio,

276 1509 428 1568 continuo
442 1508 577 1566 iniecisse
590 1505 683 1566 uerba
696 1504 750 1565 tibi
764 1507 949 1564 Dromonem
963 1503 1085 1577 scilicet,

277 1605 408 1680 Sponsae
430 1614 545 1664 uestem
567 1621 669 1662 aurum
690 1605 779 1680 atque
802 1601 921 1661 ancillas
945 1605 1020 1678 opus
1045 1618 1127 1660 esse:
1157 1610 1312 1677 argentum
1336 1605 1371 1661 ut

498 1702 593 1761 dares.
1340 1725 1371 1758 κο

202 1800 264 1857 ΜΕ.
281 1801 362 1859 Non.
404 1799 463 1860 Cu.
488 1797 675 1878 (surprised)
702 1796 806 1872 Quid?
830 1798 913 1856 non?
952 1798 1016 1856 ΜΕ.
1044 1797 1116 1855 Non
1137 1799 1266 1872 inquam.
1308 1796 1370 1858 Cn.

498 1897 606 1973 Neque
620 1895 683 1972 ipse
697 1896 823 1972 giratus?
864 1896 926 1953 ΜΕ.
949 1894 1000 1952 Nil
1013 1897 1158 1970 prorsum,
1173 1894 1326 1954 Chremes.

114 1997 174 2057 895
276 1995 372 2072 Migis
385 2013 477 2054 unum
491 1994 581 2053 etiam
595 1993 712 2066 instate,
726 2002 759 2051 ut
773 1992 862 2052 hodie
876 1992 1070 2051 conficiantur
1083 1993 1214 2069 nuptiae.

197 2094 256 2154 Cn.
282 2091 437 2170 (puzzled)
456 2093 534 2151 Mira
553 2109 661 2150 narras.
703 2089 774 2166 quid
796 2091 884 2166 Syrus
905 2091 1010 2150 meus?
1038 2107 1077 2149 ne
1098 2092 1122 2149 is
1142 2089 1264 2166 quidem
1285 2089 1370 2165 quic·

495 2191 606 2265 qnam?
646 2189 708 2247 Mn.
731 2186 821 2247 Nihil.

196 2288 256 2348 Cn.
281 2285 504 2365 (thoughffully)
524 2287 621 2362 Quam
643 2287 683 2346 db
704 2305 776 2359 rem,
790 2285 902 2345 nescio.
944 2286 1008 2344 ΜΕ.
1026 2285 1257 2363 (sarcasrt'cally)
1277 2270 1370 2362 Equi-

497 2383 568 2443 dem
581 2383 680 2455 miror,
695 2382 746 2458 qui
760 2383 816 2441 dlia
829 2392 890 2442 tam
904 2383 991 2459 plane
1006 2383 1089 2442 scias.

277 2481 336 2542 Sed
349 2481 398 2540 ille
411 2490 493 2540 tuom
509 2484 627 2558 quoque
641 2482 728 2557 Syrus
741 2479 852 2540 eisdem
866 2484 939 2539 mire
953 2481 1037 2539 finxit
1050 2481 1152 2555 iillum,
1341 2507 1369 2556 ²5

275 2563 316 2638 Vt
330 2596 368 2638 ne
384 2579 534 2655 paululum
548 2578 669 2654 quidem
683 2580 800 2639 subolet
814 2581 878 2638 esse
893 2577 1019 2636 amicam
1034 2579 1111 2636 hanc
1126 2578 1249 2638 Cliniae.

116 2677 175 2738 900
196 2678 254 2737 Cn.
276 2675 358 2751 Quid
372 2675 453 2752 agit?
492 2677 555 2736 Mn.
577 2677 666 2735 Mitto
677 2677 735 2735 iam
747 2674 873 2737 osculari
886 2685 975 2752 atque
987 2675 1164 2752 implexari:
1187 2675 1219 2737 id
1232 2675 1369 2752 nllputo.

196 2775 255 2835 Cn.
277 2771 358 2848 Quld
380 2783 426 2832 est
445 2773 527 2849 quod
547 2774 672 2849 amplius
693 2775 865 2834 simuletur?
911 2775 974 2834 Mn.
995 2773 1071 2833 Vah.
1120 2773 1178 2833 Cn.
1200 2771 1282 2850 Quid
1304 2775 1371 2833 est?

497 2871 559 2930 Mn.
580 2871 659 2930 Audi
672 2872 773 2932 modo.

278 2953 333 3026 Est
346 2967 388 3026 mi
402 2968 433 3027 in
445 2967 553 3027 ultimis
567 2969 708 3027 conclaue
722 2969 800 3028 hisce
812 2968 936 3029 aedibus
950 2967 1103 3045 quoddam
1117 2977 1215 3029 retro:

278 3067 348 3125 Huc
363 3075 407 3124 est
421 3065 497 3124 intro
511 3065 586 3124 latus
600 3065 702 3140 lectus,
715 3067 898 3127 uestimentis
912 3069 1018 3126 stratus
1033 3076 1087 3126 est.
1340 3093 1370 3142 30

197 3165 255 3222 Cn.
281 3161 469 3243 (anxiously)
489 3161 569 3238 Quid
589 3174 747 3240 postquam
769 3165 826 3224 hoc
847 3175 892 3225 est
913 3165 1045 3224 iactum?
1085 3165 1148 3224 Mn.
1170 3163 1292 3224 Dictum
1307 3164 1367 3224 stc·

499 3269 562 3319 tum
576 3261 634 3319 huc
648 3262 720 3322 abiit
734 3263 874 3339 Clitipho.

116 3357 176 3417 905
197 3360 254 3417 Cu.
276 3358 382 3418 solus?
415 3359 477 3417 Mn.
500 3357 593 3418 Solus.
632 3360 690 3419 Cn.
710 3361 826 3420 Timeo.
865 3361 927 3420 Mn.
949 3361 1074 3420 Bacchis
1088 3364 1275 3420 consecutast
1289 3359 1368 3419 ilico.

196 3456 255 3514 Cn.
276 3455 365 3515 sola?
404 3457 469 3515 Mn.
494 3457 570 3516 Sola.
612 3459 669 3518 Cn.
695 3457 780 3517 Perii.
822 3459 886 3517 Mn.
910 3458 968 3518 Vbi
989 3459 1088 3520 abiere
1112 3460 1199 3532 intro,
1223 3474 1368 3536 operuere

499 3555 617 3614 Ostium.
658 3556 716 3617 Cu.
737 3557 829 3630 Hem,
