2988 3942
531 255 610 306 HEA
618 256 669 306 VT
668 256 723 306 ΟΝ
745 257 869 307 TIMOR
876 257 1035 309 VMENOS.

319 435 464 496 Oneretas
477 445 561 496 ueste
575 446 665 514 atque
679 441 769 498 adro:
793 447 911 515 satrapa
926 442 950 498 si
964 439 1020 500 siet

318 535 441 592 Armitor
441 551 624 608 ,numquam
638 534 797 594 sufferre
771 553 833 594 erus
848 538 983 612 sumptus
995 545 1138 612 queat;

319 628 598 707 Nedumtupossis.
626 632 689 690 Mn.
705 624 836 710 (mt’blly)
852 618 945 692 Estne
956 651 993 692 ea
1003 635 1103 694 tutus?
1129 634 1188 694 Cn.
1203 635 1246 694 Sit
1257 637 1365 712 rogas?
1386 663 1414 710 45

322 725 490 805 (ironicalev
492 727 505 805 )
525 729 617 788 Sensi.
658 747 729 788 nam
741 747 831 789 unam
846 734 873 789 ei
869 732 995 790 cenam
1009 741 1098 806 atque
1113 731 1176 790 eius
1190 732 1350 792 comitibus
1476 456 1484 748 Ι

318 824 417 898 Dedi;
439 824 558 900 quod
536 844 561 884 ιι
575 826 682 886 iterum
696 826 769 886 mihi
782 827 819 887 sit
832 826 942 901 danda,
956 831 1057 888 actum
1071 828 1136 888 siet.
1477 756 1486 879 t

318 921 398 980 Nam
411 931 443 981 ut
457 922 514 981 elia
527 923 674 997 omitum,
688 923 863 1000 pytissando
874 924 969 984 mddn
983 925 1056 984 mihi
1477 901 1487 1032 1

316 1017 398 1093 Quid
411 1019 473 1078 uini
486 1020 650 1097 absumpsit
662 1018 862 1098 (mtiat'tking)
847 1018 1016 1098 )‘’sichnc
1030 1020 1154 1093 diceus3
1175 1021 1416 1194 ‘wesperum
1485 1048 1487 1057 ι

317 1117 414 1188 Pater,
430 1116 488 1177 hec
503 1126 566 1177 est.
588 1117 668 1178 aiiud
681 1117 776 1176 lenius
790 1117 880 1178 sodes
892 1116 1000 1178 uide’.
994 1120 1000 1162 ¹
1053 1147 1059 1165 ·

317 1213 423 1273 Releui
437 1214 518 1274 dolia
531 1215 640 1287 emnia,
655 1215 751 1276 omnis
766 1215 865 1274 serias.

317 1311 423 1370 Omnis
436 1312 576 1371 sollicitos
590 1312 700 1385 hebuit,
715 1321 806 1388 atque.
818 1313 893 1372 haec
907 1315 967 1371 dua
979 1330 1048 1371 nox.

318 1408 399 1482 Quid
413 1411 442 1468 te
458 1409 586 1468 mnarum
599 1411 713 1482 censes,
728 1427 818 1484 quem
832 1407 957 1469 adsidue
970 1408 1120 1468 exedent?

316 1505 365 1565 Sic
378 1508 427 1565 me
441 1505 473 1565 di
486 1507 636 1579 amabunt,
651 1509 684 1566 ut
698 1525 746 1565 me
760 1516 875 1566 tuarum
890 1507 1088 1579 miseritumst,

318 1602 507 1676 Menedeme,
522 1603 715 1664 fortunarum
757 1605 820 1663 Mn.
842 1603 944 1662 Faciat
958 1603 1130 1678 quidlubet:

317 1701 418 1760 sumet
432 1710 587 1761 consumat
601 1701 716 1776 perdat,
731 1700 913 1760 decretdmst
928 1701 999 1776 pati,

317 1799 398 1856 Dum
409 1798 491 1858 illum
501 1797 593 1858 modo
602 1797 729 1860 habeam
738 1801 866 1857 mecum.
895 1799 953 1858 Cra.
970 1796 1146 1875 (camestly)
1162 1798 1192 1858 si
1202 1800 1348 1857 certumst
1358 1798 1415 1858 tibi

317 1895 364 1954 Sic
379 1895 487 1968 iacere,
502 1894 573 1954 iilud
588 1895 741 1972 permagni
754 1914 787 1955 re
801 1895 877 1955 serre
891 1894 1024 1969 Arbitror,

314 1993 355 2051 Vt
369 1995 406 2050 ne
421 1993 564 2052 scientem
579 1993 685 2052 sentiat
699 2003 730 2052 te
743 1992 775 2051 id
790 1993 845 2052 sibi
859 1992 940 2053 dare.

237 2090 299 2148 Mn.
318 2089 398 2164 Quid
413 2090 540 2150 seciam?
581 2091 640 2152 CH.
662 2090 788 2165 Quiduis
802 2091 902 2166 petius
916 2108 1006 2167 quam
1021 2089 1103 2165 quod
1117 2090 1249 2167 cogitas:
1385 2105 1414 2148 ⁶0

154 2185 215 2244 470
317 2189 373 2245 Per
387 2187 475 2246 elium
489 2188 625 2262 quemuis
639 2191 672 2246 ut
686 2187 749 2260 des,
764 2187 866 2246 fallite
882 2187 959 2246 sinas

315 2284 457 2344 Techtiris
477 2301 532 2360 per
551 2285 719 2358 seruolum3
747 2285 919 2362 (assuming
933 2304 952 2343 a
969 2286 1110 2359 knowing
1122 2282 1186 2362 air)
1205 2285 1260 2346 etsi
1277 2285 1413 2344 subsensi

536 2381 568 2441 id
581 2401 710 2457 quoque,

317 2479 387 2538 illes
401 2477 442 2538 ibi
456 2497 530 2552 esse,
545 2478 577 2538 id
590 2482 677 2555 egere
692 2480 769 2539 inter
782 2498 814 2538 se
828 2479 1004 2539 clenmlum.

316 2577 403 2651 Syrus
418 2595 486 2634 cum
500 2577 550 2636 illo
563 2587 664 2638 nostro
678 2582 897 2651 censusurrant,
912 2577 1068 2637 censerunt

317 2673 447 2732 Consilia
460 2673 500 2733 ad
513 2674 730 2750 adulescentis3
752 2684 782 2734 et
795 2675 849 2734 tibi
864 2673 989 2750 perdere

315 2770 472 2829 Talentum
486 2770 544 2831 hoc
558 2782 649 2849 pacto
663 2773 752 2832 satius
766 2781 812 2831 est
825 2789 915 2847 quam
930 2772 981 2831 ille
995 2772 1115 2832 minam.

316 2867 387 2926 Non
401 2871 479 2927 nunc
493 2870 621 2944 pecunia
634 2868 737 2945 agitur,
752 2868 807 2928 sed
821 2868 893 2928 illud
907 2873 968 2944 qub
983 2869 1076 2928 modo

317 2965 454 3025 Minumb
468 2966 581 3042 periclo
595 2966 626 3025 id
641 2967 746 3025 demus
761 2966 992 3026 adulescentulo.

317 3063 396 3121 Nam
411 3066 434 3121 si
449 3064 541 3122 semel
555 3073 639 3122 tuom
653 3065 785 3122 enimum
801 3063 849 3122 ille
863 3063 1048 3137 intellexerit,

316 3156 398 3218 Prius
412 3160 596 3236 preditumm
611 3163 640 3220 te
654 3170 736 3220 tuam
749 3161 841 3220 uitam
856 3163 886 3220 et
900 3161 979 3238 prius

316 3257 477 3316 Pecuniam
492 3275 622 3330 omnem,
638 3276 727 3333 quam
742 3259 795 3318 ebs
808 3268 837 3317 te
853 3259 970 3317 amittas
985 3258 1096 3317 tilium:
1119 3256 1180 3330 bui,

317 3352 467 3426 Quantam
481 3353 639 3412 fenestram
654 3354 693 3413 ad
707 3356 868 3430 nequitiem
883 3354 1068 3430 patefeceris,

314 3448 384 3507 Tibi
398 3452 498 3508 autem
513 3467 602 3525 porro
616 3461 648 3508 ut
662 3454 723 3510 nen
737 3452 775 3509 sit
789 3469 878 3509 suaue
892 3454 1013 3510 uiueret

316 3545 396 3603 Nam
410 3545 572 3607 deteriores
587 3551 691 3606 emnes
705 3566 805 3606 snmus
818 3547 946 3606 licentia.
