2988 3942
148 247 250 312 v.1.⁶3.]
521 247 713 296 HEAVTON
736 245 1021 297 TJMORVMENOS.
1214 215 1217 225 ¹
1366 249 1396 299 51

216 427 219 434 ’
310 427 406 488 Clinia
419 426 493 487 haec
506 427 570 487 fieri
583 415 726 489 uidebat?
740 423 745 432 '
765 429 829 488 ΜΕ.
851 427 997 504 Quidni?
1018 426 1135 488 mecum
1149 431 1209 492 uni
1222 429 1316 488 simul.

148 553 175 600 35
230 527 289 586 Cn.
314 523 540 605 (despairingly)
560 525 641 585 Filist
655 526 751 584 amica
764 526 906 586 Bacchis:
929 527 1119 599 Menedemo,
1134 525 1240 586 occidi.

205 669 209 678 .
229 625 292 682 ΜΕ.
314 623 412 698 Quam
428 623 567 682 obrem?
607 623 666 683 Cis.
687 621 803 682 Decem
817 623 932 682 dierum
946 619 996 682 uix
1009 624 1051 682 mi
1060 619 1110 683 'est
1124 624 1241 684 similia.

229 722 293 780 ΜΕ.
318 718 503 799 (ironicolly)
536 719 638 795 Quid?
672 719 748 782 istic
761 719 861 780 ‘times
888 720 970 799 quod
997 721 1045 780 ille
1073 726 1195 799 operam
1223 721 1320 781 amico
1347 722 1399 783 dit

536 819 611 878 suo?
771 835 775 870 :
1339 819 1399 880 910

229 917 287 978 Cn.
308 915 503 992 Immo‘quod
517 914 639 975 amicae.
682 917 746 976 ΜΕ.
767 915 872 977 Sidet.
914 917 973 978 cn.
995 920 1042 977 An
1056 917 1180 978 dubium
1194 920 1225 979 Μ
1239 919 1340 980 tibist?

308 1014 537 1089 Quemquamne
551 1013 650 1072 animo
665 1022 726 1072 tam
741 1011 821 1074 comi
835 1032 900 1074 esse
913 1024 963 1074 aut
976 1015 1036 1074 leni
1049 1025 1144 1092 putas,

148 1139 177 1184 ⁴0
312 1111 372 1186 Qui
385 1111 416 1170 se
431 1110 552 1170 uidente
566 1114 693 1169 amicam
707 1111 834 1186 patiatdr
848 1129 931 1171 suam
953 1157 960 1172 .
983 1157 991 1172 .
1006 1114 1021 1172 ?

124 1241 127 1251 ι
228 1210 292 1267 ΜΕ.
317 1206 502 1287 (irom‘colly)
522 1207 604 1283 Quid
617 1208 669 1267 nt?
688 1226 749 1286 quo
762 1209 854 1268 uerba
867 1209 980 1270 {icilius
994 1209 1102 1269 dentdr
1115 1211 1197 1272 mihi.

229 1307 288 1366 Cn.
313 1305 425 1384 (sodly)
445 1304 572 1365 Derides
587 1305 702 1365 merito
744 1305 816 1365 mihi
829 1303 908 1366 nunc
922 1303 979 1385 ego
993 1311 1170 1371 suscenseot
1340 1307 1400 1368 915

310 1401 400 1477 Quod
414 1405 461 1462 res
475 1402 596 1476 dedere,
610 1403 662 1463 ubi
675 1400 794 1479 pesse'm
808 1399 1030 1480 peisentlscere‚

310 1501 350 1559 Ni
364 1502 461 1560 essem
474 1500 548 1576 lapis
561 1504 665 1576 iquae
679 1499 761 1561 uidi!
781 1520 838 1561 uae
852 1501 960 1563 misero
974 1503 1045 1562 mihi
1058 1506 1065 1563 i

316 1597 463 1675 (growing
473 1598 580 1677 angty)
599 1601 639 1658 At
652 1601 690 1658 ne
704 1597 776 1658 illud
790 1599 869 1658 haud
883 1601 1017 1674 indltum,
1031 1601 1056 1660 si
1069 1595 1148 1675 uiu'd,
1163 1603 1278 1664 ferent!

272 1695 276 1703 '
310 1696 390 1754 Nam
403 1695 462 1756 iim
484 1739 492 1755 .
514 1740 521 1754 .
543 1696 606 1755 ΜΕ.
628 1697 699 1756 Non
713 1705 745 1755 tu
759 1705 789 1756 te
803 1697 948 1758 cohibes?
966 1717 1028 1758 non
1039 1709 1072 1758 -te
1085 1699 1236 1776 respicis?⁴

312 1792 383 1852 Non
397 1791 450 1853 tibi
465 1811 521 1868 ego
536 1793 664 1870 exempli
678 1794 747 1854 sitis
762 1796 848 1854 sum?
888 1796 947 1856 Cn.
969 1797 1042 1856 Prae
1057 1796 1218 1870 iracdndia,
1340 1797 1399 1856 920

310 1889 501 1962 Menedeme,
515 1909 576 1948 non
590 1909 655 1949 sum
670 1890 751 1967 apid
765 1910 824 1952 me.
865 1894 929 1952 ΜΕ.
950 1896 1033 1953 Tene
1048 1889 1124 1954 istdc
1138 1894 1238 1970 loqui!

310 1987 419 2046 Nonne
434 1986 466 2046 id
481 1987 659 2064 flagitiumst,
674 1997 704 2048 te
714 1989 781 2048 'tliis
795 1989 951 2049 consilitm
965 1989 1046 2065 dane,

150 2110 178 2160 50
312 2085 395 2145 Foris
409 2087 522 2161 sipere,
537 2085 591 2144 tibi
604 2103 666 2146 non
678 2090 766 2163 posse
781 2096 810 2146 te
825 2087 1010 2147 auxiliirier?
1049 2146 1050 2150 ,
1134 2083 1137 2088 ’

230 2182 289 2243 CH.
313 2181 540 2262 (despoin'ngly)
560 2181 642 2258 Quid
663 2183 790 2245 ficiam?
830 2187 892 2244 ΜΕ.
912 2185 1120 2263 (em‘oyingliis
1132 2185 1342 2266 AEscomfiture)
1363 2188 1399 2246 Id

532 2280 614 2356 quod
629 2300 678 2340 me
692 2281 795 2341 secisse
810 2282 910 2341 ciebis
923 2300 1038 2358 parum.

310 2379 370 2437 Fac
385 2381 414 2437 te
429 2387 545 2455 patrem
559 2396 624 2440 esse
639 2380 763 2454 sentiat3
785 2379 832 2438 fac
845 2389 877 2439 ut
891 2380 1000 2439 addeat
1025 2417 1027 2422 ,
1340 2382 1400 2442 925

130 2523 151 2530 ..
255 2475 267 2546 s
307 2475 378 2535 Tibi
391 2475 514 2535 credere
528 2476 637 2550 omnia,
651 2476 704 2536 ibs
719 2487 749 2536 te
763 2486 866 2554 petere
882 2486 912 2536 et
925 2481 1059 2554 poscere,

310 2574 358 2632 Ne
371 2591 461 2649 quam
476 2573 562 2632 iliam
576 2583 699 2649 quaerat
712 2574 831 2651 copiam
845 2593 881 2634 ac
895 2584 924 2634 te
939 2573 1064 2636 deserat.
1187 2635 1196 2642 ,,

150 2695 175 2746 55
231 2670 290 2732 Cis.
316 2669 428 2748 (flying
438 2671 499 2730 into
513 2689 533 2729 o
541 2670 682 2748 passion)
702 2673 800 2733 Immo
814 2674 901 2733 ibeat
914 2673 1013 2749 potius
1026 2674 1105 2733 milo
1119 2651 1224 2752 duouis
1237 2675 1379 2754 gentium,

311 2768 408 2843 Quam
423 2768 471 2827 hic
485 2771 540 2845 per
555 2769 698 2846 flagitium
712 2769 751 2828 ad
767 2770 897 2846 Inopiam
912 2769 1028 2848 redigit
1040 2781 1165 2848 patrem.

258 2901 262 2908 ·
309 2866 389 2926 Nam
403 2866 427 2926 si
440 2867 480 2926 llli
494 2885 586 2944 pergo
596 2866 791 2946 sdppeditare
808 2868 982 2944 sdmptibus,
1340 2868 1400 2932 930

127 2951 138 2958 “’
279 3043 281 3045 ¹
310 2963 501 3037 Menedeme,
512 2965 553 3023 mi
568 2964 652 3024 illaec
666 2967 738 3024 uero
753 2965 791 3024 ad
805 2975 911 3026 rastros
926 2969 973 3026 res
987 2965 1072 3026 redit.

229 3061 292 3120 ΜΕ.
308 3059 398 3135 Quod
413 3061 673 3126 incommoditates
687 3063 743 3124 hic
758 3081 789 3123 re
804 3064 943 3141 accipies,
958 3063 1014 3122 nisi
1028 3067 1136 3124 caues!

149 3169 177 3214 60
299 3157 475 3218 'Difficilem
489 3168 519 3217 te
533 3177 597 3219 esse
613 3160 751 3219 ostendes
765 3171 796 3220 et
810 3161 944 3239 ignosces
959 3171 1060 3221 tamen

310 3257 389 3330 Post,
403 3258 435 3314 et
449 3254 480 3314 id
494 3255 649 3414 ingratuz.
691 3259 749 3318 Cn.
768 3256 964 3338 (distracted)
982 3259 1029 3318 Ah
1048 3260 1152 3333 nescis,
1166 3279 1257 3336 quam
1269 3258 1399 3322 doleam.

530 3355 594 3414 ΜΕ.
643 3354 758 3415 tlubet.

250 3405 253 3412 Δ
310 3449 392 3526 Quid
406 3450 464 3510 hoc
479 3451 560 3528 qudd
574 3470 656 3529 rogo,
670 3461 704 3511 ut
717 3452 872 3541 illa'ndbat
884 3455 1007 3514 nostro?
1026 3455 1081 3514 nisi
1095 3454 1168 3531 quid
1182 3465 1236 3528 est,
1341 3455 1400 3517 935

230 3600 235 3613 .
310 3547 400 3624 Quod
415 3549 507 3626 migis
520 3549 574 3612 uis.
616 3551 672 3612 CH.
695 3552 794 3611 Immo
809 3561 839 3611 et
852 3554 944 3629 gener
957 3562 989 3612 et
1002 3552 1114 3613 adfines
1128 3554 1256 3630 placent.
