2988 3942
163 239 197 290 44
540 237 618 288 HEA
627 237 733 289 VTON
756 235 876 287 TIMOR
883 235 1043 287 VMENOS.
1300 230 1409 300 {iv.t.38.

243 420 303 482 Cu.
322 417 509 500 (ouerjoyed)
529 420 633 477 Bonan
647 416 729 478 fide?
769 417 817 476 Sr.
835 418 919 476 Boua
932 416 1041 477 hercle.
1083 415 1328 497 Cra.(delighted)
1345 419 1410 478 Nou
1481 477 1482 542 1

541 517 663 591 possum
677 514 749 590 pati,

325 613 405 688 Quin
439 613 493 673 tibi
526 622 616 688 caput
652 611 857 671 demulceam:
891 611 1004 672 accede
1031 613 1099 686 hic,
1124 615 1193 692 Syre
1225 616 1338 697 (smus
1364 625 1410 693 ap

537 708 721 786 proaclm):
1482 671 1483 740 ¹

328 808 464 889 (pamng
480 807 542 867 mm
563 826 602 866 on
623 807 671 866 the
691 807 789 886 maa)
807 807 928 868 Faciam
942 809 1014 870 boni
1027 810 1082 870 mi
1095 810 1206 887 usqum
1226 829 1283 888 pro
1301 811 1358 872 ista
1374 829 1411 884 re,
1482 765 1483 860 7

544 908 579 964 ac
593 906 706 965 lubens.
1390 933 1411 981 ις

244 1006 291 1067 Su.
323 1009 361 1066 At
375 1009 399 1065 si
413 1005 488 1066 scias
501 1023 590 1080 quam
605 1006 678 1064 scite
692 1005 723 1063 in
737 1015 868 1066 mentem
882 1004 1004 1065 uenerit.
1114 1058 1116 1064 ,

164 1103 223 1162 765
244 1104 302 1164 Cn.
323 1103 399 1177 Vah,
413 1103 537 1180 gloriare
553 1102 686 1162 euenisse
704 1120 741 1160 ex
754 1102 921 1164 sententia?

244 1203 292 1261 Su.
323 1201 352 1260 N
355 1220 395 1260 on
408 1202 507 1260 hercle
521 1219 611 1261 uero:
635 1203 737 1260 uerum
752 1199 831 1259 dico.
873 1201 931 1260 Cn.
954 1201 1011 1258 Dic
1025 1199 1178 1276 quidest?

244 1300 291 1358 Su.
322 1299 380 1357 Tui
393 1298 570 1375 Clitiphonis
584 1301 648 1359 esse
664 1298 789 1356 amicam
805 1297 882 1356 hanc
895 1297 1077 1358 Bacchidem

325 1395 509 1456 Menedemo
523 1397 595 1456 dixit
610 1397 714 1469 Clinia,
730 1405 760 1455 et
775 1413 810 1455 ea
823 1395 916 1472 gratia

325 1495 432 1554 Secum
446 1492 613 1568 adduxisse,
627 1496 665 1552 ne
680 1503 712 1554 tu
726 1492 757 1553 id
771 1496 1008 1570 persentisceres.
1484 1536 1485 1598 1

165 1591 224 1651 770
246 1592 304 1652 Cu.
330 1590 512 1669 (chuckling)
531 1592 637 1652 Probe.
678 1591 726 1652 Su.
746 1591 804 1650 Dic
818 1589 916 1650 sodes.
958 1591 1015 1651 Cu
1035 1590 1284 1669 (chucklingand
1295 1591 1419 1666 rubbing
1484 1603 1485 1616 ¹

546 1689 719 1766 aistands)
739 1688 883 1761 Nimium,
896 1688 1027 1764 inquam.
1068 1688 1117 1748 Su.
1139 1689 1376 1748 Immoslscias.
1484 1677 1485 1700 ¹

325 1786 385 1846 Sed
399 1789 488 1863 porro
502 1785 642 1859 ausculta,
656 1785 739 1862 quod
753 1794 887 1862 superest
901 1785 1051 1844 fallaciae:
1376 1787 1378 1794 ’

326 1885 395 1944 Sese
410 1887 473 1960 ipse
488 1882 561 1943 dicit
574 1885 655 1943 tuam
669 1883 779 1942 uidisse
795 1883 906 1956 flliam3

327 1982 398 2040 Eius
413 1981 468 2042 sibi
481 1981 679 2058 conplacitam
701 1982 837 2054 sormam,
852 1989 1010 2057 postquam
1023 1979 1188 2056 aspexerit3
1392 2006 1418 2053 25
1485 1968 1486 2050 i

327 2079 418 2137 Hanc
439 2082 549 2155 cupere
569 2096 702 2138 uxorem.
744 2079 802 2138 Cu.
828 2075 983 2154 (suddenly
1001 2078 1139 2153 grmoing
1159 2077 1257 2155 sober)
1282 2077 1420 2138 Mudone
1485 2103 1486 2144 ς

546 2194 622 2252 quae
637 2176 805 2234 inuentast?
844 2175 891 2234 sv.
913 2175 1007 2233 Eam:
1485 2177 1486 2188 *

166 2271 225 2331 775
327 2273 367 2332 Et
379 2273 501 2349 quidem
516 2272 629 2333 iubebit
643 2273 737 2349 posci.
779 2273 838 2332 Cu.
861 2272 960 2347 Quam
974 2272 1015 2332 ob
1028 2289 1092 2330 rem
1105 2271 1191 2345 istuc,
1205 2271 1297 2348 Syre?

328 2370 407 2429 Nam
421 2374 557 2446 prorsum
570 2371 643 2429 nihil
657 2370 804 2446 intellego.
847 2370 894 2429 Su.
915 2369 991 2442 Vah,
1006 2368 1106 2428 tardus
1120 2387 1161 2428 es.

248 2467 305 2526 Cu.
331 2466 451 2544 (coldly)
472 2468 616 2526 Fortasse.
658 2469 706 2526 Su.
728 2471 892 2544 Argentum
907 2465 1025 2526 dabitur
1038 2469 1067 2526 ei
1080 2465 1119 2525 ad
1133 2464 1260 2543 nuptias,

326 2567 436 2623 Aurum
448 2566 537 2640 atque
551 2574 665 2623 uestem
680 2568 730 2641 qut
752 2610 759 2624 .
782 2610 789 2625 .
811 2565 955 2624 tenesne?
994 2561 1051 2624 Cn.
1074 2563 1257 2640 compatet?
1392 2591 1423 2640 3⁰

243 2663 294 2720 Su.
327 2660 363 2720 Id
378 2666 484 2737 ipsum.
525 2662 583 2721 Cu.
599 2661 770 2741 (decidedly)
787 2661 1052 2739 Ategoiltintque
1066 2660 1219 2737 doneque
1233 2660 1421 2738 despondeo.

167 2758 225 2818 780
247 2760 293 2818 Su.
330 2758 522 2836 (innocently)
540 2761 632 2819 Non?
651 2761 896 2836 quamobrem?
935 2759 994 2820 Cu.
1009 2756 1153 2837 (angn'ly)
1169 2759 1424 2834 Quamobrem?

548 2860 596 2916 me
610 2859 716 2934 rogas?
735 2858 848 2917 homini
870 2901 878 2917 .
900 2859 938 2917 ,Ρ
978 2859 1025 2916 Su.
1041 2856 1263 2937 (indfflrendy)
1273 2841 1314 2916 Vt
1328 2857 1422 2918 lubet

329 2955 399 3013 Non
412 2956 469 3031 ego
483 2954 621 3014 dicebam
635 2955 665 3013 in
680 2957 856 3032 perpetuom
868 2964 902 3014 ut
915 2955 995 3013 illam
1008 2955 1049 3014 illt
1063 2955 1159 3028 dares,

326 3053 438 3110 Verum
451 3055 484 3110 ut
498 3052 657 3112 simulares.
699 3053 758 3112 Cn.
780 3054 852 3113 Non
866 3062 960 3112 meast
974 3051 1139 3113 simulatio:

328 3150 374 3206 Ita
387 3157 419 3207 tu
434 3153 524 3208 istaec
539 3159 590 3208 tua
602 3150 735 3223 misceto,
750 3169 789 3210 ne
804 3167 852 3210 me
867 3149 1040 3210 admisceas.
1392 3177 1421 3226 35

330 3246 417 3322 Egon
431 3250 500 3322 quoi
515 3247 635 3306 daturus
649 3252 710 3307 non
724 3265 799 3321 sum,
812 3257 845 3307 ut
859 3247 888 3307 ei
901 3246 1128 3324 despondeam?

167 3341 225 3401 785
246 3343 294 3402 Su.
327 3343 518 3422 (pretending
528 3343 791 3423 disappointment)
807 3345 985 3430 Credebam.
1027 3346 1087 3407 Cri.
1109 3345 1253 3404 minume.
1295 3345 1344 3406 Su.
1359 3347 1421 3426 (re-

543 3441 694 3519 greotaelly)
713 3444 791 3502 Scite
805 3451 921 3519 poterat
935 3443 1020 3517 fieri;

327 3539 367 3596 Et
380 3553 438 3615 ego
451 3537 519 3612 hoc,
533 3540 603 3616 quia
616 3539 730 3600 dudum
744 3543 775 3600 tu
790 3549 873 3600 tanto
887 3556 978 3618 opere
993 3543 1133 3614 suaseras,
