2988 3942
86 259 202 324 littura]
467 257 545 306 HEA
553 253 604 308 VT
604 257 658 305 ΟΝ
680 256 801 306 TIMOR
808 253 966 306 VMENOS.
1312 252 1344 304 27

250 440 351 512 Abest,
366 438 460 514 magis
474 438 563 514 cupio
578 439 660 497 tento
674 446 705 496 et
719 437 812 513 magis
826 433 973 494 desidero.
1282 432 1344 492 425

177 540 236 600 ΕΗ.
254 538 366 619 (seeing
377 534 586 614 Mmsnsuus)
606 533 666 595 Sed
684 538 781 611 ipsum
794 534 871 594 foras
891 535 1041 609 egressum
1055 531 1162 590 uideo:
1185 533 1245 605 ibo,
1260 531 1341 591 edlo

470 653 552 712 quar.
591 633 730 713 (Crosses
741 653 812 692 over
822 636 953 692 towards
967 628 1188 708 Muuunnnus)

250 733 440 808 Menedeme,
455 734 553 793 salue:
576 735 712 794 nuntium
725 733 853 810 adporto
867 733 930 805 tibi,

252 835 366 909 Quoius
380 837 516 894 maxume
530 843 560 892 te
574 833 637 892 fleri
651 832 826 910 participem
841 831 934 907 cupis.

86 960 116 992 ιο
175 933 238 991 Mu.
257 933 407 1011 (morning
418 940 446 990 to
462 940 537 990 meet
547 929 709 1007 Cunnum)
726 927 890 1006 Numquid
903 947 973 988 nam
987 926 1026 986 de
1040 931 1130 1003 gnato
1145 945 1214 985 meo
1223 924 1326 999 audisl,

473 1028 638 1090 Chremes?

168 1131 228 1210 Cn.
246 1130 333 1188 Valet
347 1131 436 1204 etque
449 1128 531 1188 uiuit.
574 1129 636 1188 Mn.
655 1126 797 1207 (eogerly)
815 1113 873 1188 ilbi
891 1138 987 1187 namst
1003 1131 1135 1203 quaeso?
1176 1130 1234 1189 Cn.
1252 1128 1342 1206 Apud

471 1227 519 1284 me
534 1225 627 1284 domi.
1281 1226 1341 1284 430

170 1325 233 1383 ΜΗ.
252 1327 340 1383 Meus
353 1324 479 1400 gnatus?
513 1323 571 1382 ΕΗ.
586 1323 633 1382 Sic
649 1331 703 1380 est.
738 1325 800 1380 Mu.
815 1324 924 1381 Venit?
958 1323 1016 1382 Cn.
1033 1325 1130 1382 Certe.
1167 1325 1229 1382 Mn.
1245 1322 1341 1383 Clinia

251 1423 338 1480 Meus
355 1421 456 1480 uenit?
496 1420 554 1480 CH.
577 1419 655 1478 Dixi.
698 1421 761 1478 ΜΗ.
780 1420 899 1498 (taking
911 1421 1058 1478 CHREMES
1074 1422 1108 1495 by
1122 1421 1169 1479 the
1187 1439 1254 1478 orm
1274 1421 1340 1478 ond

471 1518 600 1593 starting
612 1518 742 1577 towards
756 1518 803 1576 his
816 1515 900 1595 door)
919 1519 1046 1576 Eamus:
1069 1517 1128 1576 due
1143 1536 1191 1575 me
1209 1517 1247 1575 ad
1262 1536 1339 1590 eum,

471 1616 607 1675 ebsecro.

171 1714 230 1775 Cn.
254 1715 424 1793 (detoim'ng
434 1713 512 1791 him)
532 1714 602 1772 Non
616 1714 680 1772 uolt
695 1723 724 1772 te
739 1713 814 1772 scire
830 1716 861 1771 se
876 1712 987 1772 redisse
1002 1714 1101 1786 etiam,
1116 1715 1146 1772 et
1161 1722 1244 1772 tuom

87 1837 114 1886 25
252 1800 456 1887 Conspectum
471 1810 594 1887 fugitat:
617 1815 739 1886 propter
752 1821 909 1888 peccatum
924 1811 982 1869 hoc
998 1812 1091 1883 timet,

252 1910 300 1968 Ne
315 1912 366 1968 tha
379 1908 488 1968 duritia
502 1911 623 1983 antiqua
635 1909 685 1966 illa
699 1909 789 1967 etiam
804 1908 932 1966 adaucta
946 1909 989 1966 sit.
1281 1907 1341 1966 435

172 2008 234 2066 ΜΗ.
257 2006 444 2086 (sutpn'sed)
464 2007 535 2065 Non
549 2015 580 2064 tu
594 2004 635 2063 llli
649 2005 723 2063 dixti
737 2015 769 2062 ut
782 2007 900 2064 essem?
940 2006 998 2064 ΕΗ.
1017 2004 1135 2084 (coolly)
1156 2006 1234 2064 Non.
1278 2007 1340 2064 Mn.

473 2104 571 2178 Quam
586 2103 712 2175 obrem,
728 2103 891 2162 Chremes?

172 2203 231 2262 Cn.
254 2199 428 2281 (comestio)
448 2201 525 2276 Quia
539 2202 676 2276 pessume
690 2200 765 2258 istuc
780 2203 853 2258 inte
868 2209 955 2275 atque
970 2200 1001 2258 in
1014 2200 1095 2258 illum
1109 2201 1247 2272 consulis,

252 2299 282 2358 Si
296 2301 326 2358 te
340 2307 402 2356 tam
416 2298 475 2357 leni
489 2307 519 2356 et
533 2302 612 2356 uicto
627 2316 690 2356 esse
705 2298 805 2356 animo
818 2296 991 2356 ostenderis.
1210 2333 1219 2364 s

86 2426 117 2471 30
171 2399 234 2455 Mn.
251 2397 322 2455 Non
336 2399 476 2472 possum:
498 2396 568 2454 satis
582 2396 650 2468 iam,
665 2396 734 2454 setis
749 2404 834 2471 pater
847 2394 937 2452 durus
951 2395 1002 2453 sui.
1044 2396 1102 2454 Cn.
1124 2396 1180 2468 Ah,

252 2491 422 2551 Vehemens
436 2492 467 2551 in
480 2503 635 2567 utramque
650 2495 774 2567 pertem,
789 2493 980 2564 Menedeme,
995 2495 1027 2550 es
1041 2493 1137 2566 nimis,
1281 2491 1343 2549 440

251 2593 311 2649 Aut
324 2590 457 2666 lergitate
470 2591 561 2648 nimia
574 2599 624 2648 aut
638 2590 833 2664 parsimoma:

254 2689 290 2746 In
304 2687 431 2747 eindem
446 2686 580 2746 fraudem
594 2705 631 2746 ex
644 2687 701 2746 hac
715 2705 745 2745 re
760 2697 848 2762 atque
863 2705 900 2744 ex
913 2686 963 2745 illa
976 2686 1097 2746 incides.

253 2786 384 2843 Primum
398 2785 469 2844 olim
483 2785 581 2862 potius
595 2787 684 2860 quem
698 2793 830 2859 paterere
844 2784 938 2842 lilium

254 2882 444 2942 Commetare
458 2883 497 2942 ad
512 2883 722 2954 mulierculam,
738 2899 814 2956 quae
828 2880 947 2955 paululo

250 2981 328 3038 Tum
342 2983 405 3039 erat
420 2989 560 3039 contenta
574 2983 703 3054 quoique
719 2989 800 3037 erant
813 2987 896 3054 grata
909 2977 1018 3050 omnia,

254 3077 438 3136 Proterruisti
453 3077 531 3137 hinc.
574 3078 610 3135 ea
624 3087 729 3135 coacta
743 3076 872 3152 ingratiis

252 3174 371 3232 Postilla
384 3175 484 3251 coepit
499 3177 609 3233 uictum
623 3174 712 3249 uolgo
726 3175 878 3248 quaerere.

252 3272 341 3329 Nunc
355 3274 446 3346 quem
461 3271 524 3330 sine
539 3289 647 3347 magno
661 3270 876 3330 intertrimento
890 3273 951 3330 nen
965 3278 1064 3346 potest

255 3367 378 3442 Haben,
394 3368 510 3444 quiduis
524 3368 596 3427 dire
610 3368 704 3444 cupis.
746 3387 815 3426 nam
829 3377 861 3426 ut
875 3370 907 3426 tu
921 3368 1006 3440 scias,

252 3464 350 3540 Quam
364 3482 399 3523 ea
413 3466 492 3523 nunc
506 3464 647 3524 instructa
660 3464 783 3542 pulchre
798 3464 1012 3539 adpemiciem
1027 3463 1091 3538 siet,
1283 3462 1344 3526 450

252 3563 382 3622 Primum
397 3563 456 3620 iam
470 3562 589 3622 ancillas
602 3565 704 3622 secum
720 3562 844 3622 adduxit
854 3561 921 3641 plus
936 3561 1053 3634 decem,
