2988 3942
79 235 115 285 ss
455 233 646 284 assason
671 235 958 284 rrrrormarvos
1218 234 1328 299 [ut43e.

78 415 137 474 625
239 415 348 476 Credo.
390 417 438 476 Su.
458 416 703 495 (astllelNescio
716 415 789 492 quld
803 414 920 492 peccati
934 417 1033 491 pdrtat
1047 414 1123 474 haec
1136 417 1281 492 purgatio.

165 515 214 573 80.
240 514 431 572 Memenistin
446 533 494 572 me
507 514 660 590 grauidam
675 523 705 572 et
720 514 791 572 mihi
805 523 835 572 te
850 516 989 572 maxumo
1003 530 1095 589 opere
1111 511 1239 585 edicere,

239 612 267 670 Sl
282 611 410 686 puellam
421 614 565 687 parerem,
580 612 658 671 nolle
673 612 757 670 tdlli?
797 611 855 671 Cu.
874 610 1018 689 (quickly)
1037 610 1106 671 Scio
1119 610 1191 687 quid
1205 611 1327 669 leceris:

170 763 174 772 .
239 709 393 768 Sdstulisti.
435 709 482 768 Su.
502 707 613 786 (aride)
633 709 681 768 Sic
703 717 747 767 est
768 708 897 768 sactum:
920 705 1043 767 domina
1057 725 1123 785 ego,
1139 727 1205 768 erus
1218 708 1329 768 damno

459 809 562 865 auctus
576 815 630 864 est.
1227 871 1229 874 ,
1304 831 1328 880 ¹5

165 905 213 963 So.
239 906 393 976 Minume;
415 902 469 962 sed
483 913 546 962 erat
560 903 608 961 hic
623 903 778 963 Corinthia
792 905 864 962 inus
878 903 958 962 haud
972 903 1097 978 inpura:
1122 906 1148 964 el
1165 901 1236 962 dedi

77 1001 136 1058 630
237 985 465 1076 Exponendam.
508 1003 566 1060 Cu.
586 1001 750 1078 (throwing
767 1009 806 1076 up
822 1001 869 1059 Itis
884 998 997 1075 hands)
1016 1000 1044 1059 O
1060 1000 1202 1075 Idppiter,
1217 1009 1329 1059 tantam

459 1101 522 1157 esse
537 1099 568 1156 in
582 1099 683 1157 animo
697 1099 844 1157 inscitiam
858 1101 863 1157 !

164 1197 213 1255 So.
242 1195 429 1274 (anxiously)
445 1197 540 1255 Perii:
563 1196 635 1271 quid
646 1214 703 1272 ego
714 1196 792 1254 leci?
832 1196 890 1255 Cu.
906 1195 1050 1270 Rogitas?
1089 1195 1138 1256 So·
1160 1194 1325 1273 (temfied)

183 1301 186 1308 “
458 1295 487 1352 Sl
501 1294 633 1369 peccaui,
649 1297 691 1352 ml
705 1294 857 1365 Chremes,

238 1375 371 1450 insciens
393 1391 461 1449 ieci.
513 1392 571 1451 Cu.
597 1390 786 1470 (scornsully)
813 1375 850 1450 id
874 1388 1014 1466 equidem
1038 1407 1103 1466 ego,
1127 1388 1152 1449 si
1173 1393 1205 1449 tir
1230 1408 1329 1467 neges,

459 1491 541 1548 certd
556 1489 627 1561 scio,

237 1587 281 1643 Te
296 1585 472 1644 inscientem
485 1595 574 1662 atque
588 1584 797 1662 inprudentem
812 1585 911 1645 dicere
926 1603 961 1644 ac
977 1585 1073 1644 lacere
1088 1584 1206 1644 dmnia:
1303 1611 1331 1642 20

237 1685 297 1741 Tdt
311 1693 434 1758 peccata
448 1683 478 1741 in
493 1683 549 1740 hac
564 1701 594 1740 re
609 1684 750 1742 ostendis.
792 1686 861 1741 nam
875 1683 934 1740 iam
948 1682 1086 1757 primum,
1101 1685 1125 1741 si
1139 1700 1239 1740 meum

237 1764 400 1855 imperium
414 1783 535 1855 exsequi
549 1780 700 1852 uoluisses,
716 1783 923 1856 interemptam
938 1780 1077 1855 oportuit,

238 1878 309 1936 Ndn
323 1877 458 1936 simulare
474 1881 600 1935 mdrtem
614 1878 721 1950 uerbis,
737 1897 768 1936 re
784 1881 848 1954 ipsa
861 1895 946 1952 spem
960 1877 1038 1935 uitae
1054 1875 1135 1936 dare.

238 1964 280 2032 Ᾱῖ
294 1974 326 2033 id
340 1974 463 2034 omitto:
487 1975 698 2047 misericordia,
714 1976 829 2033 sinimus
845 1978 1010 2033 maternus:
1034 1974 1108 2034 sino.

237 2072 336 2146 Quam
350 2072 427 2131 bene
441 2090 513 2130 uero
527 2072 580 2131 abs
594 2076 623 2131 te
638 2082 865 2148 prospectumst,
880 2071 961 2147 quo'd
975 2071 1101 2144 udluisti,
1115 2072 1232 2148 cogita:
1302 2097 1328 2146 25

239 2170 357 2244 Nempe
372 2188 430 2227 anu
444 2169 484 2227 illi
498 2169 617 2244 prddita
631 2170 683 2228 abs
697 2179 726 2227 te
742 2169 829 2228 llliast
843 2169 1028 2245 planissume,

238 2268 293 2324 Per
308 2275 336 2324 te
351 2267 456 2324 ueluti
470 2269 624 2342 quaestum
639 2266 750 2325 laceret
764 2267 811 2325 uel
825 2267 867 2325 uti
881 2267 995 2325 ueniret
1008 2266 1115 2341 palam.

238 2362 347 2436 Credo,
363 2363 393 2422 id
410 2364 564 2439 cogitasti:
588 2363 723 2439 ‘quiduis
738 2365 806 2423 satis
821 2374 874 2438 est,
890 2363 962 2422 dum
976 2363 1056 2422 uiuat
1071 2362 1182 2424 mod0.'

238 2459 319 2534 Quid
333 2479 401 2518 cum
421 2461 475 2518 illis
494 2464 573 2537 agis,
588 2461 638 2536 qui
659 2479 756 2536 neque
777 2460 821 2520 ius
842 2464 938 2536 neque
960 2461 1071 2520 bonum
1093 2469 1181 2536 atque
1202 2465 1330 2535 aequdm

456 2558 572 2617 sciunt?

238 2654 345 2714 Melius
360 2657 453 2730 peius,
468 2656 560 2731 prdsit
574 2656 661 2730 obsit,
676 2657 716 2714 nil
731 2657 833 2716 uident
846 2657 902 2715 nisi
917 2655 1000 2732 qudd
1012 2656 1102 2715 lubet.
1302 2683 1331 2728 30

163 2753 213 2810 So.
245 2748 441 2829 (plcadingly)
461 2755 505 2812 Mi
527 2754 679 2826 Chremes,
694 2754 827 2830 peccaui,
847 2754 959 2816 fateor:
981 2757 1092 2812 uincor.
1133 2769 1213 2811 nuuc
1226 2751 1286 2811 hoc
1300 2762 1329 2811 te

458 2849 593 2925 6bsecm,

76 2943 136 3006 645
150 2971 152 2976 ’
238 2947 358 3021 Quanto
372 2956 438 3007 tuos
452 2957 497 3006 est
512 2948 626 3006 animus
644 2945 747 3028 [natu]
765 2950 890 3026 grauior,
904 2945 936 3006 e'o
950 2949 991 3008 sis
1006 2947 1214 3025 ignoscentior,

237 3028 277 3102 Vt
292 3063 375 3102 meae
390 3045 528 3103 stultitiae
545 3048 574 3103 in
588 3045 698 3104 iustitia
712 3049 761 3104 tua
775 3047 811 3105 sit
825 3045 936 3122 aliquid
950 3045 1087 3122 praesidi.

164 3141 222 3200 Cn.
241 3141 443 3220 (pompously)
470 3143 589 3202 Scilicet
613 3143 752 3219 equidem
777 3147 852 3203 istuc
876 3144 986 3202 sactum
1010 3143 1184 3219 igndscam5
1216 3159 1329 3215 uerum,

455 3242 594 3313 Sdstrata,

238 3335 317 3394 Male
334 3334 424 3395 docet
438 3346 467 3395 te
483 3340 550 3395 mea
567 3337 687 3395 facilitas
703 3338 801 3396 multa
844 3336 897 3396 sed
916 3337 991 3396 istuc
1005 3338 1151 3415 quidquid
1165 3348 1218 3411 est,
1301 3364 1328 3412 ³5

238 3432 306 3506 Qua
325 3432 383 3491 hoc
405 3443 592 3509 occeptumst
606 3438 704 3504 causa,
720 3434 850 3508 loquere.
892 3435 939 3492 So.
960 3435 1106 3513 (humbly)
1124 3436 1164 3494 Vt
1178 3435 1285 3495 stdltae
1299 3447 1330 3496 et

457 3531 581 3588 miserae
596 3533 699 3589 omnes
714 3547 814 3588 sumus
