2988 3942
146 263 254 330 ii.2.38.]

150 473 175 522 15

149 2233 176 2281 25

149 2720 178 2766 30

522 265 601 314 HEA
610 266 635 314 V
636 265 716 313 TON
738 265 763 313 T
760 265 857 313 IMOR
865 265 1024 315 VMENOS.
1369 265 1401 317 19

314 445 436 526 (Seeing
457 446 504 505 the
528 453 586 505 two
608 464 710 522 young
735 443 816 522 men)
845 445 904 505 Sed
928 463 1016 504 eccos
1041 445 1131 505 uideo
1155 449 1230 521 ques
1253 446 1400 508 volebam.

529 544 615 603 ems.
642 543 866 622 (soliloquizing,
880 544 946 600 and
965 544 1200 620 apostrophizing
1217 543 1395 622 Auumumu)

530 642 558 701 Ο
574 640 718 717 Iuppiter,
732 640 784 700 ubi
797 642 894 700 nemst
909 639 1004 700 fides?

309 741 390 798 Dum
405 756 461 814 ego
474 742 597 814 prepter
611 748 640 799 te
655 756 753 797 errans
769 739 862 814 petria
876 756 963 798 careo
978 737 1111 811 demens,
1126 747 1158 797 tu
1172 738 1285 798 interea
1301 739 1360 799 loci

308 837 562 914 Conlocupletasti
574 846 614 910 te,
629 827 793 913 Antiphila,
808 845 839 896 et
853 854 901 895 me
915 836 946 895 in
960 835 1005 895 his
1019 835 1173 895 deseruisti
1188 837 1280 910 malis,

310 938 432 1012 Propter
452 952 542 1010 quam
563 934 593 992 in
614 952 730 993 summa
751 933 872 993 insumis
891 951 956 992 sum
979 943 1009 994 et
1031 937 1100 994 mee
1120 934 1196 1010 patri
1217 934 1314 994 minus
1336 953 1399 994 sum
1458 975 1462 992 e

530 1032 716 1107 obsequens:

310 1131 423 1206 Quoius
447 1133 526 1190 nunc
550 1128 645 1205 pudet
668 1147 717 1189 me
742 1138 772 1188 et
794 1132 922 1202 miseret,
945 1128 996 1204 qui
1019 1129 1120 1187 harum
1144 1132 1241 1188 meres
1263 1129 1401 1189 cantabat

529 1226 611 1300 mihi,
1309 1235 1316 1249 '
1340 1226 1401 1286 260

312 1328 464 1386 Monuisse
486 1325 591 1383 frustra
610 1326 708 1400 neque
728 1341 797 1383 eum
816 1323 948 1400 potuisse
962 1327 1104 1398 umquam
1117 1324 1156 1384 ab
1170 1324 1226 1382 hac
1240 1342 1289 1383 me
1303 1325 1400 1401 aspel-

530 1421 601 1482 lere.

310 1521 402 1597 Quod
422 1523 523 1580 temen
543 1537 622 1578 nunc
643 1519 749 1578 faciam
760 1539 769 1594 3
791 1521 864 1592 tum,
878 1535 971 1594 quom
991 1529 1106 1595 gratum
1127 1519 1198 1578 mihi
1216 1537 1280 1578 esse
1294 1520 1400 1595 potuit,

530 1617 621 1678 nelui.

311 1718 437 1777 Nemest
459 1715 593 1776 miserior
614 1733 672 1777 me.
714 1716 761 1774 Sv.
789 1713 902 1794 (ast'cle)
931 1717 992 1773 ch
1014 1715 1054 1774 de
1076 1715 1183 1774 nostris
1204 1715 1301 1774 uerbis
1324 1725 1401 1774 errat

530 1811 679 1886 uidelicet,

312 1913 397 1987 Quae
418 1911 467 1971 hic
488 1914 588 1970 sumus
608 1909 708 1969 locuti.
748 1908 1171 1988 (toCLm1A‚crossingoucr)
1191 1909 1296 1982 Clinia,
1318 1910 1403 1969 aliter

530 2011 612 2067 tuom
626 2025 759 2067 amorem
772 2017 862 2082 atque
877 2017 930 2080 est,
945 2008 1072 2083 mcipis:

311 2108 390 2165 Nam
405 2115 435 2165 et
448 2108 536 2164 uitast
550 2105 656 2164 eadem
671 2114 701 2163 et
714 2105 830 2164 unimus
845 2113 874 2164 te
888 2123 958 2180 erga
970 2103 1050 2163 idem
1064 2106 1100 2163 uc
1115 2105 1178 2178 fuit,
1341 2104 1402 2163 265

312 2205 464 2279 Quantum
478 2205 515 2262 ex
528 2203 593 2279 ipsa
605 2221 637 2262 re
652 2203 854 2262 coniecturam
868 2202 1001 2262 fecimus.

213 2304 299 2364 Cuu.
315 2302 457 2381 (eagerly)
477 2300 558 2375 Quid
580 2309 634 2378 est,
645 2300 791 2361 ebsecro?
810 2319 880 2360 nam
895 2299 967 2359 mihi
982 2319 1062 2359 nunc
1076 2299 1117 2359 nil
1131 2319 1227 2359 rerum
1242 2300 1402 2360 emniumst

123 2585 126 2590 Ι
213 2499 260 2558 Sv.

217 2887 264 2947 Su.

310 2399 401 2475 Quod
416 2399 516 2458 malim
530 2417 620 2474 quam
634 2417 682 2456 me
697 2397 756 2457 hoc
771 2398 843 2456 falso
857 2398 1040 2474 suspicerier.

311 2499 381 2555 Hoc
396 2500 534 2573 primum,
548 2506 581 2555 ut
595 2515 633 2554 ne
647 2494 720 2571 quid
734 2496 819 2555 huius
834 2515 931 2554 rerum
945 2496 1080 2571 ignores:
1103 2513 1184 2569 anus,

310 2595 396 2670 Quae
411 2603 456 2653 est
470 2593 550 2653 dicta
564 2602 658 2652 mater
672 2596 736 2653 esse
751 2593 779 2652 ei
793 2594 928 2665 antehac,
943 2597 1005 2652 nen
1019 2593 1092 2667 fuit3
1341 2591 1401 2650 270

313 2692 358 2750 Ea
372 2691 446 2752 obiit
460 2701 597 2750 mortem.
639 2691 698 2750 hoc
711 2694 775 2767 lpsa
789 2691 820 2749 in
833 2691 938 2749 itinere
953 2690 1060 2749 elterae

310 2790 392 2848 Dum
406 2791 513 2862 narrat,
528 2789 603 2848 sorte
618 2786 727 2847 audiui.
769 2788 851 2848 Cur.
872 2788 1061 2866 (surpn'sed)
1082 2787 1168 2862 Quae
1181 2797 1278 2848 namst
1292 2787 1403 2847 ultera?

318 2886 363 2965 (to
377 2885 535 2964 emmo)
554 2887 663 2946 Mane:
686 2885 745 2944 hec
760 2885 841 2961 quod
855 2885 943 2961 coepi
958 2889 1086 2962 primum
1098 2903 1240 2958 enarrem,
1251 2885 1400 2961 Clitipho:

311 2985 381 3044 Post
395 2986 470 3044 istuc
483 2984 611 3043 ueniam.
639 2983 722 3042 Curr.
739 2981 947 3060 (impatiently)
968 2985 1107 3058 Propera.
1134 2984 1184 3043 Su.
1196 2981 1397 3062 (continuing)

531 3083 596 3140 Iam
609 3080 737 3157 primum
752 3080 893 3155 emnium,

309 3179 369 3239 Vbi
382 3181 502 3239 uentum
517 3177 557 3237 ad
571 3177 653 3237 aedis
668 3181 722 3252 est,
737 3181 852 3238 Dromo
866 3179 961 3256 pultat
975 3178 1072 3252 sores3
1341 3174 1402 3237 275

311 3278 394 3336 Anus
407 3274 555 3352 quaedam
569 3276 669 3352 prodit
679 3297 688 3350 3
710 3277 785 3335 haec
798 3277 850 3336 ubi
863 3276 959 3353 aperit
973 3277 1090 3350 estium,

310 3375 460 3436 Continuo
474 3375 524 3434 hic
537 3393 569 3434 se
583 3374 713 3434 coniecit
726 3374 812 3448 intro,
827 3393 883 3450 ego
898 3378 1065 3449 consequor
1073 3394 1083 3448 5

309 3473 392 3532 Anus
405 3473 517 3533 {eribus
531 3471 615 3532 obdit
628 3472 788 3548 pessulum,
803 3472 842 3531 ad
855 3473 952 3531 lanum
967 3470 1053 3530 redit.

312 3570 373 3629 Hic
387 3570 454 3630 sciri
467 3557 568 3648 potuit'
578 3572 629 3628 aut
642 3588 787 3645 nusquam
801 3569 880 3642 alibi,
895 3569 999 3644 Clinia„
