2988 3942
639 475 897 539 PROLOGVS.

667 610 694 656 u
711 611 876 655 maruvrvs

347 727 395 785 Ne
409 728 480 802 quoi
494 726 531 786 sit
544 735 676 786 uostrum
690 730 805 799 mirum,
820 743 895 802 quor
908 728 998 802 partis
1013 725 1077 784 seni

347 813 440 882 Poeta
453 822 579 897 dederit,
593 827 669 899 quae
684 835 752 882 sunt
766 823 1009 896 adulescentium,

348 920 385 979 Id
400 924 527 996 primum
541 920 650 994 dicam,
663 920 773 980 deinde
788 921 870 996 quod
884 921 952 979 ueni
966 921 1096 996 eloquar.

347 1017 505 1078 oratorem
520 1037 585 1076 esse
598 1018 692 1077 uoluit
706 1037 763 1091 me,
777 1037 839 1078 non
852 1019 1026 1094 prologum:

345 1117 485 1174 Vostrum
499 1114 641 1175 iudicium
656 1117 734 1189 iecit,
750 1135 798 1174 me
813 1118 945 1175 actorem
959 1115 1053 1188 dedit,

346 1213 379 1272 Si
391 1212 439 1271 hic
453 1215 536 1272 actor
549 1223 663 1272 tantum
677 1215 786 1289 poterit
799 1232 817 1272 a
831 1212 977 1286 facundia,

346 1310 497 1384 Quantum
512 1311 559 1370 lile
573 1311 670 1388 potuit
684 1312 814 1387 cogitare
828 1309 998 1383 commode,

349 1407 409 1482 Qui
423 1408 588 1467 orationem
602 1409 679 1467 hanc
694 1409 818 1484 scripsit,
833 1427 922 1484 quam
937 1406 1068 1467 dicturus
1082 1425 1157 1466 sum.

349 1505 395 1562 Ex
409 1508 523 1581 integra
537 1507 653 1566 Graeca
667 1508 810 1582 integram
825 1506 1013 1564 comoediam
1075 1550 1078 1557 .

348 1602 451 1661 Hodie
465 1621 530 1661 sum
544 1614 661 1662 acturus
676 1605 819 1663 Heauton
833 1604 1070 1663 timoritmenon:

352 1697 488 1778 [Duplex
500 1719 578 1776 quae
592 1719 630 1760 ex
643 1711 816 1777 argumento
830 1702 909 1760 sacta
923 1710 967 1760 est
981 1698 1133 1778 simplici]

367 1799 385 1834 1
507 1800 525 1835 1
648 1801 666 1836 1
788 1801 806 1836 1
928 1801 946 1836 1
1068 1799 1086 1834 1

351 1879 429 1937 Nam
443 1879 526 1954 qudd
540 1899 671 1940 rumores
685 1880 862 1939 distulenmt
876 1879 1014 1951 miliuoli,

349 1977 459 2035 Multis
473 1978 689 2037 contaminisse
703 1979 843 2050 Graecas,
858 1975 931 2036 dum
946 1977 1016 2034 facit

349 2075 460 2132 Paucas
475 2075 611 2159 Latinas:
634 2074 664 2133 id
680 2092 744 2134 esse
759 2076 868 2133 iactum
883 2074 1006 2133 hicnon
1020 2082 1116 2149 negat,

349 2171 455 2245 Neque
470 2174 502 2229 se
516 2172 617 2248 pigere
632 2183 662 2231 et
676 2171 786 2231 deinde
801 2173 945 2230 facturum
959 2176 1098 2231 autumat.

542 2303 662 2366 Vulgatus
672 2303 731 2351 ordo
742 2319 861 2352 versuum
875 2303 925 2364 (ed.
938 2304 1004 2363 FU:

408 2383 509 2448 Nequoi
520 2385 553 2433 sit
564 2391 675 2434 nostrum
686 2384 784 2444 mirum,
796 2401 858 2450 quor
870 2385 946 2450 partis
957 2385 1011 2434 seni

409 2455 488 2516 Poeta
499 2468 604 2526 dederit,
616 2468 680 2532 quae
692 2475 750 2518 sunt
762 2468 972 2518 adulescentium:

409 2548 440 2598 Id
451 2548 559 2614 primum
571 2550 661 2609 dicam,
673 2549 765 2600 deinde
778 2552 845 2616 quod
857 2551 915 2600 ueni
928 2550 1037 2614 eloquar.

409 2630 447 2679 Ex
457 2629 554 2695 integra
566 2631 663 2682 Graeca
674 2631 796 2696 integram
808 2634 966 2682 comoediam

404 2714 492 2764 Hodie
504 2729 559 2764 sum
570 2722 669 2764 acturus
682 2716 802 2764 Heariton
815 2716 1006 2764 timonimenon.

412 2791 527 2857 [Duplex
539 2809 602 2859 quae
615 2810 645 2843 ex
657 2801 805 2856 argumento
817 2794 884 2842 iacta
896 2800 932 2842 est
944 2793 1071 2858 simplici]

409 2875 510 2924 Nouam
522 2875 576 2924 esse
589 2877 687 2926 ostendi
699 2884 725 2926 et
738 2892 801 2941 quae
815 2876 893 2925 esset:
914 2892 980 2925 nunc
992 2876 1034 2940 qui
1046 2875 1168 2939 scripserit

410 2955 444 3008 Et
453 2957 528 3022 qudia
539 2958 637 3008 Graeca
648 2958 687 3019 sit,
700 2960 727 3008 ni
740 2966 837 3024 partem
849 2958 990 3008 mixumam

411 3040 592 3091 Existumarem
603 3039 665 3090 scire
679 3048 798 3101 uostrum,
811 3042 837 3090 id
848 3039 965 3090 dicerem.

405 3123 480 3172 Nunc
491 3139 567 3187 quam
578 3122 665 3172 6brem
678 3124 723 3172 has
736 3124 813 3188 partis
825 3122 955 3173 didicerim
966 3121 1052 3187 paucis
1063 3122 1137 3172 dabo.

410 3202 541 3252 Oritorem
553 3217 607 3251 esse
619 3201 699 3251 udluit
713 3219 762 3263 me,
775 3218 826 3251 non
838 3201 983 3266 prdlogum:

410 3284 527 3335 Vostrim
539 3285 658 3335 iudicium
671 3286 745 3335 iecit:
766 3302 807 3335 me
819 3284 929 3334 actorem
941 3286 1019 3343 dedit,

411 3367 441 3417 Si
451 3367 492 3417 hic
504 3367 573 3418 ictor
584 3376 682 3419 tantum
695 3368 787 3434 poterit
799 3384 813 3418 a
825 3368 950 3426 facundia,

410 3450 538 3513 Quantum
549 3451 590 3501 iile
603 3453 685 3517 potuit
697 3451 808 3515 c6gitare
821 3449 961 3509 commode,

407 3533 456 3596 Qui
468 3534 608 3584 oritionem
621 3535 686 3584 hanc
699 3534 802 3598 scripsit,
816 3549 890 3598 quam
902 3534 1012 3582 dictirus
1023 3548 1086 3581 sum.

410 3613 478 3662 Nam
489 3612 558 3677 quod
569 3628 681 3662 rumores
693 3611 840 3662 distulerunt
852 3611 963 3661 miliuoli
974 3628 998 3677 q.
1009 3628 1029 3660 s.
1062 3571 1197 3724 βῇ
1216 3625 1226 3646 ·

1107 3681 1202 3788 pv
