2988 3942
124 234 223 301 i.1.57.]
504 232 584 281 HEA
593 232 698 281 VTON
720 231 1006 280 TIMORVMENOS.
1348 230 1377 279 ll

267 413 397 489 Quaem,
419 411 492 488 quid
512 411 553 472 de
574 421 603 471 te
624 413 738 471 tantum
759 411 976 471 commeruisti?
1016 413 1078 469 Mn.
1102 412 1206 470 Eheu!
1252 411 1377 489 (Bursts

486 511 549 569 into
564 508 667 586 cars.)

190 609 249 670 Cn.
269 609 317 668 Ne
331 609 470 680 memma,
484 617 574 682 atque
588 607 672 680 istuc,
687 606 833 682 quidquid
847 617 901 679 est,
916 607 963 664 fac
977 625 1025 666 me
1040 609 1074 664 rit
1086 607 1196 665 sciam:

267 707 315 765 Ne
329 706 430 778 retice,
443 723 483 764 ne
496 707 608 777 uetere,
624 703 714 763 crede
728 705 849 779 inquam
865 704 955 762 mihi:
1339 702 1378 761 85

266 806 326 862 Aut
340 801 526 863 cdnsolando
540 811 590 860 aut
604 801 728 862 cdnsilio
742 811 792 860 aut
806 819 837 859 re
852 802 963 860 iuuero.

126 927 152 976 35
188 904 252 961 Mn.
270 901 403 978 (lacking
414 899 468 977 up)
487 900 568 960 scire
585 900 643 959 hdc
657 899 723 958 uis?
763 899 822 959 CH.
845 897 914 956 Hac
928 897 1050 972 quidem
1065 901 1153 956 causa
1167 917 1225 972 qua
1240 897 1300 956 dixi
1314 898 1376 956 tibi.

185 1002 249 1059 ΜΕ.
264 1000 397 1058 Dicetur.
440 997 499 1058 Cn.
519 1000 559 1057 At
570 997 640 1057 istos
656 1000 763 1056 rastros
777 996 889 1055 interea
904 1005 1003 1054 tamen

265 1095 403 1172 Adpdne,
427 1114 465 1155 ne
488 1095 599 1155 labdra.
641 1096 703 1154 ΜΕ.
740 1096 862 1174 (plyt'ng
883 1095 930 1153 ln's
951 1094 1005 1152 hoe
1028 1092 1204 1169 vigorously)
1234 1094 1377 1152 Minume.

487 1193 546 1252 Cu.
568 1193 665 1266 Quam
681 1211 743 1252 rem
758 1193 840 1268 agis?

186 1294 249 1352 ΜΕ.
265 1293 333 1352 Sine
347 1293 406 1364 me,
421 1290 561 1350 uociuom
575 1292 744 1365 tempusue
759 1290 841 1365 quod
856 1289 926 1349 dem
941 1289 1013 1347 mihi
1185 1331 1187 1342 .
1339 1287 1378 1346 90

267 1389 398 1448 Labdris
439 1389 499 1448 Cn.
528 1387 646 1463 (taking
668 1388 714 1446 the
737 1388 791 1446 hoe
808 1385 894 1461 from
919 1385 997 1464 hcm)
1025 1388 1095 1444 Non
1119 1386 1223 1457 sinam,
1248 1390 1377 1462 inquam.

487 1487 550 1544 Mn.
571 1485 627 1557 Ah,
642 1503 703 1544 non
717 1489 843 1560 aequdm
859 1485 940 1543 facis.

125 1585 246 1656 40.C11
267 1585 380 1660 (tryr'ng
397 1585 435 1642 its
454 1582 576 1659 caught)
596 1583 668 1654 Hui,
682 1584 744 1640 tam
765 1582 861 1658 grauis
881 1582 944 1654 hos,
966 1583 1098 1656 quaeso?
1139 1582 1200 1638 ΜΕ.
1224 1582 1270 1640 Sic
1292 1582 1377 1639 meri-

485 1684 579 1740 tumst
593 1698 704 1738 meum.

187 1780 246 1839 Cn.
262 1779 378 1857 (laymg
395 1779 423 1837 it
439 1775 541 1854 down)
565 1777 653 1836 Nunc
674 1777 804 1852 ldquere.
853 1778 916 1835 ΜΕ.
938 1776 1078 1834 Filium‘
1065 1776 1185 1834 unicum
1206 1774 1377 1834 adulescen-

487 1875 579 1934 tulum
1302 1887 1303 1890 ’

270 1973 391 2042 Habeo.
432 1973 479 2046 ah,
495 1973 567 2049 quid
581 1971 664 2031 dixi?
683 1973 793 2032 habere
807 1973 878 2030 me?
898 1972 990 2029 inimo
1005 1970 1102 2042 habui,
1118 1971 1282 2044 Chremes;

266 2072 355 2131 Nunc
383 2071 510 2131 habeam
537 2089 632 2129 necne
660 2071 842 2128 incertumst.
895 2069 954 2128 Cn.
983 2067 1065 2142 Quid
1095 2068 1137 2125 ita
1167 2069 1264 2126 istuc?
1314 2070 1377 2126 ΜΕ.

486 2168 576 2227 Scies.
1339 2164 1378 2222 95

268 2268 321 2326 Est
335 2270 352 2325 6
366 2266 513 2326 Corintho
526 2265 575 2323 hic
589 2264 706 2323 aduena
720 2283 792 2323 anus
805 2265 1005 2341 paupercula3

269 2365 341 2422 Eius
355 2363 445 2422 ssliam
459 2363 507 2422 ille
522 2365 621 2421 amare
636 2361 736 2437 coepit
750 2361 875 2437 perdite,

267 2463 363 2536 Prope
381 2459 473 2539 [iam]
491 2464 523 2519 nt
537 2478 591 2535 pro
604 2477 695 2518 uxore
709 2459 849 2518 haberet:
871 2459 947 2517 haec
960 2459 1037 2517 clam
1051 2477 1099 2517 me
1115 2459 1224 2518 omnia.

267 2558 326 2617 Vbi
340 2558 403 2615 rem
419 2557 533 2629 nesciui,
549 2557 637 2632 coepi
650 2575 711 2616 non
725 2557 892 2614 huminitus

268 2656 375 2730 Neque
390 2664 422 2712 ut
436 2655 567 2713 animum
582 2652 683 2712 decuit
697 2656 849 2729 aegrotum
864 2653 1077 2712 adulescentuli
1319 2651 1378 2710 100
1487 2641 1488 2648 ¹

265 2755 415 2826 Tractare,
431 2751 484 2811 sed
497 2753 528 2810 ui
543 2761 573 2810 et
587 2754 635 2809 uia
650 2751 821 2826 peruolgata
835 2760 960 2825 patrum.

141 2879 155 2910 0
269 2851 401 2909 Cottidie
416 2850 609 2908 accusttbam:
633 2849 729 2920 ‘hem,
745 2848 836 2908 tibine
851 2849 925 2906 haec
940 2846 1048 2906 diutius

269 2947 372 3006 Licere
387 2965 487 3024 speras
502 2948 600 3005 facere
616 2965 664 3004 me
678 2947 748 3006 uiud
763 2956 856 3022 patre,

268 3047 402 3103 Amicam
416 3054 448 3103 ut
462 3045 572 3103 habeas
586 3049 680 3120 prdpe
695 3044 755 3101 iam
769 3044 800 3102 in
813 3047 909 3102 uxoris
923 3043 1012 3102 loco?

269 3143 365 3214 Erras,
380 3142 404 3201 si
418 3141 449 3200 id
464 3141 568 3214 credis,
583 3144 614 3201 et
628 3160 677 3201 me
692 3141 817 3217 ignoras,
833 3140 937 3200 Clinia.

269 3241 335 3316 Ego
349 3241 378 3299 te
394 3257 493 3298 meum
508 3256 572 3298 esse
587 3239 646 3298 dici
661 3239 804 3314 tantisper
816 3238 896 3310 uolo,

270 3339 351 3396 Dum
364 3336 446 3412 qudd
459 3346 489 3395 te
504 3336 653 3413 dignumst
667 3336 776 3408 sacies;
798 3334 851 3394 sed
866 3335 890 3393 si
901 3333 932 3392 id
947 3337 1008 3392 ndn
1022 3334 1102 3406 sacis,

269 3436 336 3510 Ego
348 3433 432 3509 qudd
446 3452 495 3492 me
509 3435 540 3492 in
554 3443 583 3493 te
598 3435 634 3492 sit
647 3435 744 3492 facere
760 3432 881 3509 dignum
897 3433 1047 3490 inuenero.

270 3531 359 3590 Nulla
372 3529 449 3590 adeo
464 3548 546 3590 exre
560 3532 634 3589 istuc
650 3531 683 3588 nt
698 3531 753 3588 nisi
768 3549 805 3588 ex
819 3529 911 3588 nimio
926 3529 994 3588 (itio.
