2988 3942
512 217 590 267 HEA
598 218 623 266 V
624 218 704 267 TON
726 218 751 266 T
748 218 846 266 IMOR
853 217 1011 267 VMENOS.

464 398 642 458 Crrnnnns
840 400 1077 458 Munnnnuvs

513 489 593 527 SENES
951 491 971 527 11

166 597 203 654 Ir
216 595 275 656 Cn.
291 595 479 671 Quamquam
493 595 567 654 haec
581 595 725 654 internos
738 598 835 671 nuper
848 595 953 655 notitia
966 593 1158 654 admodumst

291 691 383 770 (Inde
397 692 474 752 adeo
489 710 579 767 quom
594 710 696 768 agrum
710 692 741 750 in
755 697 901 768 proxumo
916 693 964 750 hic
979 695 1126 752 mercatus
1140 691 1188 769 es)

145 789 184 848 55
287 791 353 847 Nec
367 793 410 848 rei
424 790 484 848 sere
499 807 569 848 sane
584 790 637 848 hoc
651 789 776 865 amplius
790 791 950 866 quicquam
965 790 1036 848 suit:

285 888 400 945 Tamen
414 887 463 945 uel
476 887 567 946 uirtus
581 891 631 946 tha
646 905 694 945 me
708 888 757 946 uel
770 887 914 960 uicinitas,

286 983 376 1058 Quod
391 1003 448 1060 ego
462 988 493 1043 in
507 985 675 1060 propinqua
688 987 771 1060 parte
785 985 932 1043 amicitiae
946 994 1029 1061 puto,

287 1082 372 1139 Facit
385 1085 418 1140 nt
432 1091 462 1140 te
477 1083 619 1141 audacter
632 1086 770 1141 moneam
788 1091 818 1141 et
832 1082 1020 1155 familiAriter‚

287 1179 378 1253 Quod
393 1180 464 1237 mihi
478 1179 581 1238 uidere
595 1181 713 1254 praeter
727 1181 855 1238 aetatem
870 1189 951 1238 tuam

287 1278 399 1334 Facere
413 1279 444 1335 et
457 1286 676 1351 praeterquam
691 1279 737 1336 res
751 1286 781 1335 te
795 1277 968 1336 adhortatur
980 1286 1039 1335 tua.

287 1374 366 1431 Nam
380 1379 434 1449 pro
449 1373 539 1432 deum
553 1384 643 1449 atque
659 1374 812 1432 hominum
827 1372 927 1446 fidem,
942 1371 1014 1448 quid
1028 1375 1073 1432 uis
1087 1372 1162 1432 tibi?

289 1470 370 1544 Quid
384 1472 521 1546 quaeris?
541 1489 634 1529 annos
649 1471 800 1546 sexaginta
813 1474 898 1530 natus
910 1489 950 1543 es,

286 1570 345 1626 Aut
359 1567 424 1643 phis
439 1586 485 1640 eo,
500 1578 532 1626 ut
551 1569 686 1642 conici03
712 1567 847 1646 [agrum]
864 1569 895 1626 in
909 1568 954 1626 his
969 1568 1137 1644 regionibus

288 1665 444 1724 Meliorem
458 1685 561 1740 agrum
576 1683 674 1740 neque
689 1667 765 1740 preti
779 1666 896 1723 maioris
910 1667 999 1724 nemo
1013 1665 1123 1738 habet;

287 1763 393 1821 Seruos
407 1762 584 1838 compluris:
607 1761 733 1837 proinde
749 1762 832 1838 quasi
845 1766 935 1822 nemo
951 1762 1016 1835 siet,

289 1860 336 1917 Ita
350 1861 460 1918 attente
475 1868 537 1918 tute
551 1859 667 1918 illomm
682 1859 780 1918 officia
794 1861 925 1936 fungere.

269 1957 459 2032 'NumquAm
474 1967 534 2015 tam
549 1975 636 2016 mane
652 1956 789 2034 egredior
802 1976 899 2033 neque
913 1967 974 2016 tarn
989 1956 1106 2033 uesperi

287 2054 419 2112 Domum
434 2064 576 2127 reuortor,
591 2057 662 2131 quin
677 2065 707 2113 te
722 2055 754 2112 in
768 2053 860 2113 fundo
875 2054 1031 2130 conspicer

289 2151 405 2210 Fodere
419 2155 469 2210 adt
483 2170 564 2210 arare
579 2161 629 2209 aut
644 2151 754 2227 aliquid
770 2152 854 2211 serre.
895 2152 1023 2227 denique

288 2247 410 2306 Nullum
425 2250 548 2307 remittis
565 2251 681 2323 tempus
696 2267 793 2324 neque
808 2259 838 2308 te
852 2249 983 2324 respicis

288 2347 375 2404 Haec
389 2350 450 2405 non
463 2346 608 2421 uoluptati
624 2346 676 2404 ubi
692 2365 755 2406 esse
773 2348 842 2404 satis
856 2350 939 2406 certo
953 2346 1025 2405 scio,

287 2444 412 2501 ‘Enim'
426 2443 509 2502 dices
523 2448 686 2518 ‘quantum
702 2443 750 2501 hic
765 2445 863 2520 operis
873 2444 925 2502 fiat
938 2443 1088 2520 paenitet!

287 2540 377 2614 Quod
392 2541 423 2598 in
438 2545 528 2616 opere
540 2539 679 2599 faciundo
697 2545 805 2616 operae
817 2544 965 2600 consumis
979 2550 1057 2613 tuae,

286 2637 316 2696 Si
331 2640 429 2696 sumas
442 2638 472 2696 in
487 2639 541 2696 illis
556 2638 739 2710 exercendis,
756 2639 821 2715 plus
836 2656 913 2714 agas.

147 2730 186 2789 75
207 2734 269 2806 Mn.
289 2735 511 2812 (cona'nuz'ngto
518 2736 626 2812 plylris
637 2735 705 2813 hoe)
723 2737 875 2808 Chremes,
887 2745 1040 2794 tantumne
1051 2734 1130 2794 abre
1142 2734 1344 2807 tuastotitibi,

286 2831 390 2890 Aliena
403 2841 436 2889 ut
450 2851 534 2891 cures
548 2835 585 2891 ea
599 2851 675 2909 quae
690 2833 730 2891 nil
746 2833 785 2892 ad
799 2842 828 2891 te
843 2833 989 2891 attinent?

206 2928 264 2986 Cu.
285 2930 389 2989 Homo
404 2948 486 2988 sum:
509 2931 630 2988 humani
644 2930 684 2988 nil
699 2949 717 2988 a
731 2949 779 2988 me
794 2930 922 2988 alienum
936 2939 1019 3007 puto.
1370 2954 1395 3001 25

285 3027 341 3085 Vel
355 3029 403 3085 me
418 3046 540 3086 monere
555 3028 613 3086 hoc
626 3027 674 3086 uel
689 3031 856 3104 percontari
871 3038 961 3104 puta:

286 3125 452 3198 Rectumst,
467 3143 523 3200 ego
538 3134 571 3183 ut
585 3125 711 3198 faciam3
732 3129 793 3185 non
809 3134 862 3198 est,
878 3136 908 3185 te
921 3135 954 3185 ut
968 3124 1143 3184 deterream.

145 3215 184 3275 80
206 3220 268 3278 Mn.
288 3221 410 3298 (curtly)
430 3223 506 3280 Mihi
520 3225 562 3280 sic
576 3232 621 3281 est
635 3241 723 3296 usus;
745 3223 798 3283 tibi
813 3233 845 3282 ut
859 3241 934 3298 opus
944 3223 1060 3294 factost,
1071 3223 1144 3280 sace.

16 3343 18 3396 i
206 3316 262 3375 Crr.
282 3319 330 3374 An
348 3322 536 3394 quoiquamst
554 3337 623 3378 usus
642 3319 764 3392 homini,
784 3337 816 3378 se
834 3329 868 3377 ut
889 3319 1021 3377 cruciet?
1041 3319 1104 3376 Mn.
1124 3317 1267 3394 (without
1283 3316 1397 3391 looking

16 3397 18 3478 i
525 3413 684 3492 aarum,

17 3521 18 3524 ’
205 3509 262 3568 CH.
283 3509 311 3568 Si
326 3508 397 3584 quid
410 3509 539 3583 laborist‚
554 3511 674 3571 nollem.
716 3510 771 3570 sed
785 3510 857 3586 quid
871 3510 946 3569 istuc
961 3509 1086 3568 malist?
1368 3535 1394 3579 30

748 3678 760 3717 Ι
785 3729 788 3737 .
