2988 3942
148 219 254 284 ii.1.12.]
527 220 606 268 HEA
615 221 640 269 V
640 221 665 268 Τ
666 220 719 268 ΟΝ
742 221 767 268 Τ
764 221 861 269 IMOR
869 220 1026 270 VMENOS.

698 845 780 904 ACT
807 845 850 903 ΙΙ.

701 993 798 1052 Scene
823 1012 849 1051 1.

166 1122 266 1179 Eatcr
279 1120 385 1180 Cinna
396 1119 483 1193 fram
498 1119 670 1178 Cnnnmts's
683 1119 782 1177 house.
822 1119 873 1178 He
887 1128 1012 1195 appears
1025 1120 1158 1177 warneri
1168 1119 1234 1177 aad
1245 1119 1383 1177 anxious.

146 1264 244 1313 Curtia
255 1263 320 1312 seara
331 1263 386 1314 that
396 1264 550 1312 AN‘rtPfflLA
561 1264 607 1313 has
619 1264 745 1326 iorgotten
756 1264 809 1312 him
821 1264 912 1327 during
928 1264 967 1314 his
983 1265 1100 1314 absence.
1134 1266 1265 1315 CL1T11³H0
1282 1267 1399 1316 comforts

190 1346 244 1394 him
255 1347 305 1395 and
316 1361 397 1395 warns
408 1345 461 1394 him
472 1352 517 1395 not
529 1352 556 1395 to
568 1345 603 1394 let
614 1345 716 1396 himself
729 1346 762 1394 be
773 1361 842 1395 seen.

496 1462 631 1522 Coram
872 1463 1055 1524 Cnirreno

458 1553 662 1592 anvnnscnnres
952 1555 973 1591 11
1227 1601 1229 1607 ,

147 1660 527 1739 112cnm.<soa'aqutzing
546 1661 613 1718 aad
626 1659 742 1735 laakz'ng
758 1661 914 1737 anxiausly
933 1663 1053 1719 toward
1068 1661 1115 1720 tlte
1133 1663 1197 1737 city,
1212 1659 1257 1738 n.)
1276 1661 1306 1721 Si
1328 1663 1399 1720 mihi

527 1757 676 1817 secundae
704 1759 750 1817 res
778 1757 816 1817 de
844 1775 945 1816 amore
973 1776 1042 1818 meo
1066 1760 1173 1831 essent,
1198 1759 1258 1817 iam
1286 1757 1398 1817 dudam

528 1855 591 1914 scio
1340 1855 1398 1914 230

308 1954 483 2027 Venissent3
504 1951 559 2012 sed
573 1956 687 2025 uerear,
701 1971 740 2012 ne
755 1952 859 2011 mulier
873 1970 921 2011 me
936 1953 1057 2013 absente
1073 1953 1121 2011 hic
1136 1955 1276 2028 eorrhpta
1290 1953 1337 2012 sit.

308 2051 495 2110 Concirrunt
509 2049 617 2109 multae
633 2050 803 2126 opinionem
819 2048 864 2108 re's
878 2068 955 2125 quae
970 2050 1011 2108 mi
1025 2051 1122 2108 anima
1136 2053 1318 2126 exangeant:

170 2215 173 2220 y
308 2148 446 2221 Occisio,
461 2148 552 2220 loeus,
567 2149 657 2220 aetas,
672 2157 767 2206 mater
780 2150 886 2222 quoius
900 2147 955 2206 sub
969 2147 1123 2223 imperiost
1137 2147 1222 2220 mala,

147 2271 159 2319 5
309 2245 389 2321 Quoi
413 2245 454 2303 nil
475 2245 534 2303 iam
558 2253 675 2321 praeter
699 2244 827 2320 pretium
853 2244 977 2304 dulcest.
1023 2244 1105 2305 Cer.
1131 2243 1267 2321 (calling)
1294 2245 1397 2303 Clinia.

529 2341 614 2402 Crnt.
634 2341 777 2420 (septing)
797 2342 834 2400 Ei
848 2342 957 2401 misero
971 2341 1062 2400 mihi!

212 2439 294 2499 Cer.
311 2439 442 2520 (laaking
455 2440 611 2514 araxt‘ausly
625 2441 757 2498 towards
779 2440 997 2498 MENEDEMUS’S
1011 2437 1098 2515 daar)
1118 2439 1218 2497 Etiam
1233 2456 1330 2512 caues,

527 2554 566 2596 ne
580 2536 679 2596 uideat
694 2537 769 2595 forte
784 2535 833 2594 hic
847 2547 878 2596 te
892 2539 909 2595 a
923 2546 1006 2612 patre
1020 2536 1124 2611 aliquis
1138 2536 1259 2595 exiens?
1340 2535 1398 2595 235

212 2636 297 2694 Curi.
309 2635 334 2692 F
334 2635 448 2709 aciam3
470 2634 524 2694 sed
538 2633 639 2692 nescio
653 2633 725 2710 quid
739 2634 874 2712 profecto
889 2633 930 2691 mi
945 2633 1058 2692 animus
1073 2637 1219 2710 praesagit
1233 2634 1310 2691 mali.

212 2732 294 2792 Cirr.
314 2729 526 2808 (impatienth)
546 2733 651 2806 Pergin
671 2730 746 2789 istuc
767 2730 846 2807 prius
867 2728 1040 2804 diiridicare,
1055 2734 1145 2806 quam
1166 2731 1223 2790 scis
1243 2730 1316 2806 quid
1336 2736 1398 2789 ueri

530 2828 606 2887 siet?

212 2926 295 2985 Cnnt.
309 2925 339 2985 Si
359 2925 400 2984 nil
421 2925 490 2984 mali
511 2935 597 2995 esset,
612 2925 671 2983 iam
692 2925 740 2983 hle
761 2925 908 2985 adessent.
950 2926 1033 2986 Cnrr.
1055 2927 1120 2984 Iam
1136 2924 1271 2984 aderunt.
1314 2925 1397 2984 Con.

529 3021 658 3097 Quando
672 3021 747 3082 istite
762 3023 860 3082 ‘iam'
876 3024 951 3083 erit?

149 3145 176 3178 ιο
210 3119 292 3180 Cur.
307 3122 378 3180 Non
391 3120 504 3196 cogitas
517 3119 586 3178 hinc
601 3120 719 3196 longule
733 3122 819 3180 esse?
839 3131 869 3181 et
883 3121 960 3180 uasti
974 3138 1072 3179 mores
1086 3119 1258 3178 milierum:

308 3219 389 3276 Dum
403 3219 570 3290 moliuntur,
586 3217 658 3277 ditm
672 3228 824 3290 conantur,
840 3220 932 3276 annus
947 3226 998 3276 est
1035 3217 1121 3276 cm.
1135 3217 1163 3276 O
1178 3216 1319 3292 Clitipho,
1339 3215 1398 3274 240

307 3315 423 3376 Timeo.
465 3316 546 3376 Cer.
567 3316 580 3394 (
582 3315 721 3392 pointing
733 3332 762 3374 R.
778 3316 844 3372 aad
856 3315 992 3391 clapping
1003 3315 1110 3374 Curata
1124 3333 1161 3372 an
1177 3313 1224 3372 tlte
1240 3314 1393 3389 shoulder)

532 3412 675 3488 Respira:
698 3413 804 3469 ecct'rm
826 3412 1009 3470 Dromonem
1025 3414 1093 3468 crim
1108 3411 1180 3486 Syro
1193 3429 1269 3470 una:
1292 3410 1398 3468 adsint

531 3508 594 3568 tibi.
