2988 3942
111 249 230 314 iii.3.3a.]
490 247 568 296 HEA
577 247 682 297 VTON
705 248 825 297 TIMOR
832 249 992 300 VMENOS.
1335 251 1367 301 33

252 426 470 502 uuquam
481 445 655 503 expromere
667 429 767 488 dmma
778 447 845 488 mea
858 429 977 488 occdlta
976 430 1138 506 ,Clitipho,
1149 430 1286 491 audeam.
1307 431 1366 491 575

284 524 365 611 istud
381 508 476 584 aliid
484 524 623 600 prohibet
638 526 783 602 dignitas,
805 526 885 602 apud
899 527 1010 586 dlium'
1003 528 1094 604 ipsius
1107 529 1177 588 sacti
1191 529 1293 604 pudet,

257 605 324 689 Ne
338 603 464 703 ineptus,
479 643 517 683 ne
531 624 685 700 proteruus
700 623 820 683 uidear:
843 623 926 700 qudd
939 625 1020 684 illum
1034 628 1130 686 iacere
1145 626 1268 686 credito.

276 725 334 784 Sed
356 729 515 783 ndstrumst
536 723 715 798 intellegere,
730 733 763 780 ut
784 741 934 800 quomque
955 734 1043 802 atque
1061 725 1111 785 ubi
1128 743 1277 800 quomque
1293 743 1367 800 opus

497 821 534 881 sit
548 820 681 896 bbsequi.

202 921 250 979 Su.
280 917 391 1000 (aselle)
410 918 491 994 Quid
512 920 567 979 iste
589 922 706 978 narrat!
749 918 1041 996 cr.(vexed)1>erii.
1083 920 1129 979 Sr.
1148 918 1361 998 (indignantia)

495 1017 636 1093 Clitipho,
653 1016 727 1074 haec
742 1036 799 1092 ego
814 1017 965 1092 praecipio
978 1017 1053 1077 tibi?
1078 1045 1081 1052 ·

278 1115 417 1174 Hdminis
431 1115 506 1190 frugi
519 1124 549 1174 et
564 1115 756 1190 temperantis
770 1115 896 1174 irinctu’s
907 1113 1060 1173 officiuim?
1093 1115 1146 1174 CL.
1166 1112 1361 1192 (distracta-d)

495 1213 576 1271 Tace
591 1211 688 1271 sodes.
1307 1211 1366 1270 580

115 1336 143 1367 ιο
203 1311 251 1369 Su.
276 1312 372 1369 Recte
400 1327 479 1368 sane.
527 1310 586 1370 CH.
615 1310 703 1384 syre:
735 1308 827 1384 pudet
851 1327 909 1368 me.
959 1310 1005 1369 St.
1031 1309 1173 1385 (shaking
1195 1310 1241 1366 his
1265 1306 1360 1384 head)

497 1406 615 1466 Credo:
638 1425 735 1481 neque
750 1405 783 1465 id
797 1406 919 1479 iniuria3
941 1407 1011 1481 quin

277 1504 353 1564 Mihi
373 1505 566 1564 molestumst.
609 1505 661 1564 Cr„
681 1502 891 1583 (impatiently)
914 1503 1017 1562 Perdis
1037 1503 1145 1561 hercle.
1188 1504 1234 1562 Su.
1255 1505 1365 1561 Verum

495 1602 565 1661 dico
578 1600 661 1676 quud
676 1601 803 1660 uidetur.

202 1700 257 1760 CL.
281 1697 476 1777 (pamlantly)
496 1700 567 1757 Νόιι
587 1697 731 1757 accedam
752 1698 791 1757 ad
812 1697 897 1758 illos?
938 1698 997 1757 Cn.
1020 1697 1087 1756 Eho
1108 1716 1228 1773 quaeso,
1243 1700 1303 1756 ulla
1316 1717 1363 1757 ac-

495 1794 625 1854 cedundl
639 1796 735 1854 uiast?

203 1895 251 1954 St.
280 1893 392 1973 (aselle)
421 1884 578 1952 Actumst:
611 1893 660 1951 hic
684 1893 764 1968 prius
791 1911 823 1951 se
852 1891 988 1950 indicarit
1011 1896 1101 1967 quam
1128 1911 1183 1968 ego
1212 1902 1365 1968 argentum

497 1991 633 2050 effecero.

279 2090 325 2168 (to
349 2089 505 2163 CHREMES,
526 2089 600 2148 with
622 2088 745 2164 afflcted
765 2086 914 2163 humt'liaey)
944 2088 1097 2160 chremes,
1122 2088 1173 2145 uin
1197 2097 1228 2146 tu
1252 2089 1365 2147 homini

496 2185 585 2245 stlrlto
600 2185 642 2244 mi
656 2186 840 2244 auscultare?
880 2185 940 2244 Cir.
958 2182 1040 2259 Quid
1054 2184 1181 2243 faciam?
1222 2187 1268 2244 Su.
1291 2187 1364 2245 Iube

496 2282 575 2341 hunc
1306 2282 1365 2342 585

118 2405 143 2453 25
277 2381 365 2440 Abire
387 2379 459 2438 hinc
480 2381 588 2456 aliqu0.
630 2381 682 2440 Cr„
703 2379 889 2458 (surprt'sed)
909 2380 978 2454 Qud
993 2398 1049 2455 ego
1064 2379 1133 2437 hinc
1150 2379 1277 2439 abeam?
1317 2381 1365 2439 Sr.

498 2478 567 2552 Qud
580 2477 680 2538 lubet:
703 2477 742 2537 da
756 2477 810 2535 illis
825 2478 941 2535 locum:

275 2575 333 2635 Abi
354 2575 584 2636 deambulatum.
634 2576 686 2634 Cr„
716 2573 893 2651 (helplessly)
919 2574 1169 2633 Deambulatum?
1196 2577 1277 2650 qud?
1318 2576 1364 2635 Su.

496 2673 571 2745 Vah,
586 2673 669 2747 quasi
683 2673 760 2731 desit
774 2671 865 2730 locus.

275 2772 333 2830 Abi
347 2774 416 2830 sane
430 2771 513 2844 istac,
528 2773 674 2843 istdrsum‚
689 2769 803 2846 quouiS.
845 2770 903 2828 Cu.
925 2771 1019 2827 Recte
1034 2769 1115 2841 dicit,
1130 2753 1247 2828 ιῑέιιειιο.Ι

202 2864 256 2924 Cr.
282 2864 379 2940 (asida
398 2872 426 2922 to
445 2865 548 2938 smus,
566 2862 695 2939 angn'ly)
715 2862 803 2920 Dite
823 2861 982 2935 eradicent,
1000 2865 1052 2938 qul
1071 2881 1118 2922 me
1138 2863 1207 2922 hinc
1226 2867 1365 2940 extrudis,

495 2963 584 3031 Syrel

200 3052 248 3110 Sr.
278 3049 375 3126 (aselle
400 3056 427 3105 to
456 3041 615 3119 Cumano)
640 3043 679 3098 At
707 3043 738 3098 tu
765 3036 815 3113 pol
844 3035 897 3094 tibi
925 3035 994 3092 istas
1021 3030 1146 3107 posthac
1174 3027 1364 3103 comprimitd

495 3143 618 3199 manus!
673 3138 911 3217 (Currrruogoes
924 3127 1026 3207 offa.)
1304 3123 1364 3182 590

118 3272 145 3319 30
281 3245 326 3323 (to
346 3242 504 3313 Currum,
525 3234 683 3312 earnestly)
702 3235 820 3294 Censen
841 3231 934 3290 uero?
957 3226 1029 3304 quid
1049 3226 1130 3285 illum
1152 3241 1240 3300 porro
1261 3221 1364 3280 credas

496 3337 649 3406 iacturum,
665 3333 815 3402 ChremeS,

277 3437 342 3496 Nisi
357 3455 435 3509 eum,
449 3445 591 3510 quantum
606 3431 659 3491 tibi
673 3430 738 3506 opis
753 3428 784 3488 di
797 3427 878 3499 dant,
894 3427 993 3485 semas
1007 3423 1130 3496 castigas
1145 3421 1270 3478 mones?

199 3535 261 3608 Cu.
281 3532 404 3612 (curtly)
430 3517 496 3606 ligo
519 3531 594 3588 istuc
619 3528 738 3585 curab0.
780 3526 827 3585 Su.
849 3514 942 3598 Atqui
963 3538 1051 3590 nunc,
1073 3536 1132 3589 ere,
1154 3517 1207 3574 tibi
1227 3515 1292 3574 istic
1313 3514 1364 3572 ad·

497 3624 657 3685 seruandus
673 3631 725 3682 est.
