2988 3942
106 281 139 342 24
481 279 674 341 neharot(
697 279 818 340 rimor
825 280 983 339 VMENOS.
1250 279 1355 355 [aare

107 475 162 543 Il4
197 475 249 532 ΒΑ.
264 458 384 549 Edepol
397 482 436 545 te,
452 490 519 530 mea
532 470 692 547 Antiphila,
707 469 796 530 laudo
811 480 841 530 et
855 471 1031 530 fortunatam
1045 469 1156 542 iudico,

267 554 304 629 id
319 588 410 646 quom
425 568 570 642 studuisti,
586 570 633 628 isti
647 569 758 627 formae
773 578 805 626 ut
819 572 917 627 mores
932 565 1099 626 consimiles
1113 567 1229 640 lorent3

266 668 468 742 Minumeque,
483 667 524 724 ita
538 684 586 724 me
601 665 632 724 dl
646 674 754 738 ament,
769 665 858 723 miror
872 667 895 722 si
910 672 939 722 te
954 664 1010 725 sibi
1026 663 1151 738 quisque
1166 662 1287 740 expetit.

265 766 344 822 Num
359 763 440 836 mihi,
456 764 543 839 quale
558 763 708 840 ingenium
723 763 856 834 haberes,
872 761 925 820 fuit
937 760 1047 819 indicio
1064 759 1176 821 oratio:

265 847 305 920 ut
319 879 410 936 quom
425 871 544 938 egomet
557 880 636 920 nunc
652 863 770 920 mecum
784 861 815 918 in
830 860 929 919 animo
943 863 1034 918 uitam
1050 869 1131 919 tuam
1144 860 1308 921 considero
1348 888 1358 936 5

266 943 466 1035 Omniumque
481 958 558 1018 adeo
571 969 746 1031 nostrarum,
760 957 863 1034 uolgus
877 976 953 1033 quae
967 958 1007 1017 ab
1020 975 1052 1017 se
1067 960 1231 1035 segregant,

266 1041 373 1114 lituos
388 1074 452 1115 esse
466 1056 547 1115 istius
562 1057 644 1116 modi
659 1066 688 1116 et
702 1074 757 1115 nos
770 1058 831 1114 non
845 1073 910 1114 esse
924 1054 1003 1114 haud
1018 1055 1187 1116 mirabilest.

265 1154 344 1212 Nam
366 1153 486 1228 expedit
511 1154 605 1214 bonas
630 1156 694 1214 esse
718 1154 803 1213 uobis
813 1174 823 1228 ;
855 1157 918 1227 nus
944 1153 1120 1228 quibuscum
1146 1163 1193 1214 est
1216 1172 1272 1228 res,
1296 1159 1358 1214 nun

485 1251 601 1310 sinunt:

266 1349 386 1425 Quippe
401 1348 495 1407 forma
509 1349 616 1424 inpulsi
630 1357 730 1408 nostra
743 1352 798 1408 nds
812 1350 958 1407 amatores
972 1347 1092 1422 colunt3

266 1448 353 1505 Haec
367 1446 419 1505 ubi
433 1447 613 1519 inminutast,
628 1447 669 1504 illi
683 1449 768 1505 suom
783 1446 913 1505 animum
928 1445 986 1504 alio
1000 1445 1174 1506 conseruntr

268 1544 332 1602 Nisi
347 1544 370 1602 si
384 1553 575 1619 prospectum
590 1547 701 1602 interea
715 1543 826 1619 aliquid
841 1545 895 1615 est,
910 1541 1046 1602 desertae
1060 1544 1196 1604 uiuimus.

264 1641 357 1700 vohis
372 1660 441 1699 cum
454 1659 515 1700 uno
530 1642 622 1700 semel
635 1642 687 1701 ubi
701 1649 828 1700 aetatem
844 1643 931 1717 agere
946 1639 1128 1700 decretumst
1141 1642 1216 1714 niro,

267 1738 380 1812 Quoius
403 1757 469 1797 mos
491 1741 656 1797 maxumest
675 1738 834 1798 consimilis
856 1741 998 1811 nostrum,
1020 1738 1051 1796 hi
1073 1754 1105 1797 se
1128 1737 1167 1796 ad
1187 1757 1242 1797 uos
1262 1737 1357 1815 adpli-

487 1846 566 1894 cant.

267 1934 337 1991 Hoc
351 1933 498 1992 beneficio
512 1936 627 2008 utrique
642 1934 682 1993 ab
695 1933 826 2008 utrisque
840 1935 912 1991 nero
926 1931 1127 2007 deuinclmini,

104 2027 163 2088 395
265 2013 305 2086 Vt
318 2048 479 2105 numquam
493 2031 552 2088 ulla
565 2031 659 2090 amori
673 2040 774 2089 uostro
788 2030 919 2088 incidere
935 2029 1027 2104 possit
1041 2031 1202 2090 calamitas.
1330 2058 1355 2104 ¹5

192 2129 249 2186 An.
265 2127 376 2185 Nescio
391 2128 479 2185 alias:
503 2130 550 2185 me
565 2127 686 2202 quidem
701 2146 819 2203 semper
833 2131 894 2185 selo
910 2127 1014 2185 iecisse
1030 2126 1143 2200 sedulO,

264 2207 304 2281 Vt
333 2242 369 2281 ex
397 2225 471 2282 illius
499 2223 662 2283 commodo
690 2243 790 2283 meum
816 2227 1021 2299 cdmpararem
1049 2226 1253 2285 commodum.
1301 2226 1355 2286 Cr.

488 2321 599 2396 (aride)
619 2322 674 2394 Ah,

265 2419 354 2492 Ergo,
369 2436 438 2476 mea
451 2419 611 2494 Antiphila,
626 2422 658 2477 tu
671 2437 750 2477 nunc
766 2419 828 2478 sola
842 2417 982 2477 reducem
997 2438 1045 2478 me
1059 2421 1089 2479 in
1103 2421 1228 2496 patriam
1243 2421 1335 2495 sacis;
1374 2430 1376 2436 '

265 2515 344 2572 Nam
367 2514 439 2573 dum
462 2516 514 2574 abs
537 2525 566 2573 te
588 2516 702 2588 absum,
727 2534 831 2574 omnes
853 2516 925 2573 mihi
948 2517 1065 2575 labores
1089 2518 1170 2576 fuere
1192 2536 1266 2593 quos
1289 2523 1357 2595 cepi

485 2613 575 2685 leues,

264 2711 384 2768 Praeter
411 2729 501 2785 quam
530 2711 573 2769 tui
600 2709 763 2769 carendum
792 2709 874 2786 quod
904 2719 972 2769 erat.
1019 2713 1066 2772 St.
1099 2712 1211 2791 (astae)
1244 2713 1355 2773 credo.

484 2809 538 2868 Cn.
558 2809 656 2886 (aride
669 2816 698 2865 to
712 2807 819 2882 Sinus)
839 2809 920 2887 Syre,
935 2809 985 2867 uix
998 2809 1123 2869 suffero:

264 2905 383 2962 Hocine
398 2923 446 2963 me
460 2906 599 2964 miserum
613 2909 674 2963 non
689 2905 777 2962 licere
792 2911 861 2964 meu
875 2907 966 2966 modo
981 2907 1130 2982 ingenium
1146 2907 1200 2965 frui
1213 2910 1219 2966 1

190 3001 237 3058 Su.
266 2999 363 3076 (ostile
377 3010 404 3059 to
420 3002 540 3079 Cnmm)
561 3005 658 3061 Immo
679 3006 712 3060 ut
734 3012 848 3078 patrem
870 3013 953 3064 tuom
973 3005 1035 3063 uidi
1057 3022 1122 3062 esse
1143 3004 1286 3077 habitum,
1302 3004 1354 3064 dlu

484 3100 573 3158 etiam
589 3099 675 3159 duras
691 3099 782 3159 dabit.

143 3269 146 3278 1
189 3197 243 3253 ΒΑ.
267 3196 311 3273 (to
332 3198 505 3269 Annpmm,
519 3199 616 3271 seeing
635 3197 757 3273 Cenum)
777 3198 851 3272 Quis
872 3217 941 3257 nam
963 3199 1011 3256 hic
1032 3198 1206 3257 adulescens
1227 3201 1280 3272 est,
1302 3200 1355 3274 qui

482 3294 603 3352 intuitur
616 3297 691 3353 nos?
731 3297 788 3353 AN.
804 3295 916 3370 (seeing
927 3297 1032 3355 Cunus
1046 3297 1113 3354 and
1122 3315 1269 3355 overcome
1280 3299 1354 3357 wath

478 3393 548 3468 joy)
567 3393 623 3465 Ah,
638 3393 732 3450 retine
746 3411 804 3464 me,
820 3392 944 3452 Obsecro
958 3397 963 3452 l

191 3489 243 3546 ΒΑ.
262 3487 378 3547 Αῐῃάῦο
392 3488 464 3562 quid
479 3489 579 3548 tibist?
606 3492 661 3549 ΑΝ.
678 3491 815 3566 Disperii,
828 3491 901 3566 perii
916 3491 1040 3549 misera!
1069 3493 1121 3550 BA.
1137 3491 1218 3566 Quid
1232 3494 1356 3568 stupes?

99 3583 158 3671 4⁰5.
194 3585 247 3646 CL.
260 3584 430 3660 Antiphila!
463 3587 520 3644 An.
541 3587 658 3646 Videon
673 3588 799 3648 Cliniam
813 3606 851 3646 an
865 3589 947 3646 non?
987 3590 1040 3646 ΒΛ.
1062 3588 1160 3662 Quem
1179 3587 1286 3648 uides?
1326 3616 1353 3664 ²5
