2988 3942
489 240 568 290 HEA
576 239 627 290 VT
627 239 681 290 ΟΝ
704 240 991 290 TIMORVMEivos,

275 419 429 482 Faciundo
444 421 529 480 facile
542 423 694 496 sumptum
708 421 873 480 exercitent
887 437 982 495 suom,

274 521 381 581 Omnis
395 517 521 595 produxi
534 537 571 576 ac
584 516 716 578 uendidi.
757 518 892 595 inscripsi
905 519 973 577 ilico

274 616 367 677 Aedis
381 614 530 676 mercede.
572 615 656 690 quasi
670 615 782 676 talenta
795 615 834 674 ad
849 614 1020 691 quindecim
1309 617 1368 677 145

273 704 368 792 eoegi
380 705 391 773 ε’
409 731 511 790 agrum
525 713 604 772 hunc
618 716 764 773 mercatus
779 732 862 772 sum:
885 713 934 772 hic
949 732 997 773 me
1012 718 1145 775 exerceo.
1348 699 1352 708 ¹

277 811 406 872 Decreui
419 810 563 886 tantisper
576 828 625 869 me
639 810 735 870 minus
748 811 879 884 iniuriae,

275 909 428 982 Chremes,
444 927 511 967 meo
525 917 616 984 gnato
632 908 737 982 tacere,
753 909 825 967 dum
839 910 909 968 iiim
923 910 1011 968 miser
1020 930 1030 983 3

276 1008 343 1066 Nec
357 1007 401 1065 111
415 1024 479 1066 esse
493 1005 552 1064 ulla
565 1007 614 1064 me
629 1005 782 1082 uoluptate
797 1006 845 1065 hic
860 1006 924 1078 frui,

275 1104 341 1164 Nisi
353 1104 405 1164 ubi
419 1104 466 1163 ille
480 1104 539 1162 huc
553 1103 650 1162 saluos
666 1103 784 1163 redierit
799 1122 881 1162 meus
895 1103 1053 1180 perticeps.
1309 1103 1368 1162 150

195 1203 255 1263 Cu.
275 1201 400 1278 Ingenio
414 1211 443 1261 te
459 1219 522 1260 esse
537 1201 568 1259 in
581 1200 690 1260 liberos
704 1199 764 1259 leni
777 1210 860 1277 puto,

117 1328 158 1360 ιω
280 1301 319 1358 Ε1
332 1299 413 1357 illum
425 1299 648 1374 Obsequentem,
664 1302 688 1357 si
702 1298 767 1374 quis
781 1308 862 1358 recte
875 1309 926 1358 aut
939 1297 1100 1359 commode

275 1398 439 1456 Tracteret.
481 1414 583 1454 uerum
597 1397 653 1454 uec
668 1405 700 1454 tu
711 1395 791 1454 ilium
806 1396 875 1455 satis
889 1400 1023 1470 noueras,

277 1495 344 1554 Nec
359 1503 389 1553 te
403 1493 450 1552 ilie
461 1514 470 1567 3
492 1493 550 1552 hoc
564 1494 646 1568 quod
655 1494 697 1566 iit,
712 1493 763 1553 ubi
777 1511 838 1553 non
851 1512 920 1552 uere
935 1494 1051 1553 uiuitur.

264 1593 323 1651 -Tu
338 1591 419 1652 illum
433 1609 595 1666 numquam
609 1590 763 1650 ostendisti
777 1591 879 1666 quanti
893 1590 1048 1667 penderes,
1309 1590 1368 1650 155

278 1690 345 1748 Nec
359 1689 413 1748 tibi
427 1688 502 1747 illest
515 1687 638 1747 credere
652 1691 740 1747 ausus
753 1706 830 1764 quae
845 1698 890 1747 est
903 1692 1030 1764 aequom
1046 1690 1130 1764 patri.

117 1815 156 1862 105
280 1785 371 1862 Quod
387 1786 413 1844 si
429 1787 507 1844 esset
522 1785 643 1859 iactum,
657 1785 732 1844 haec
748 1788 910 1861 numquam
925 1786 1092 1845 euenissent
1105 1786 1168 1846 tibi.

196 1887 261 1944 Mn.
279 1883 391 1961 (sadly)
411 1885 458 1942 Ita
472 1884 518 1941 res
533 1893 586 1956 est,
601 1883 712 1942 iateor:
735 1885 892 1960 peccatum
907 1902 925 1942 a
938 1902 986 1941 me
1001 1886 1206 1944 maxumumst.

197 1982 256 2043 Cu.
276 1980 467 2052 Menedemo,
481 1990 512 2038 at
524 1998 612 2056 porro
626 1983 706 2040 recte
720 1998 807 2056 spero
821 1990 852 2040 et
866 1980 946 2040 iilum
960 1981 1014 2040 tibi

277 2079 395 2139 Saiuom
410 2077 578 2137 adfuturum
593 2096 656 2138 esse
670 2078 719 2136 hic
733 2077 853 2137 confido
867 2076 1051 2154 propediem.
1309 2078 1368 2138 160

197 2179 261 2236 Ma.
280 2177 414 2256 (lacking
432 2173 579 2252 upzvard)
597 2175 717 2234 Vtinam
734 2173 776 2234 ita
792 2174 824 2233 di
841 2175 951 2234 faxint!
993 2176 1052 2236 Cu.
1074 2175 1207 2236 Ficient.
1248 2177 1369 2236 nuncsi

498 2272 727 2345 commodumst,

146 2401 160 2431 0
281 2367 425 2448 Diony‘sia
437 2370 486 2428 hic
500 2379 569 2430 sunt
581 2368 691 2429 hodie:
714 2369 794 2447 apud
809 2389 858 2431 me
872 2374 909 2430 sis
923 2371 1003 2430 uolo.

198 2471 262 2529 Mu.
277 2471 348 2528 Non
362 2472 491 2545 possum.
534 2467 593 2527 Cu.
616 2468 701 2542 Quor
714 2469 796 2526 non?
815 2470 926 2543 quaeso
940 2468 1061 2528 tandem
1076 2469 1288 2544 aliqutntulum

277 2565 347 2625 Tibi
360 2568 467 2647 perce:
490 2564 572 2624 idem
587 2566 692 2624 absens
707 2567 804 2624 tacere
817 2574 847 2625 te
861 2566 920 2625 hoc
933 2567 996 2625 uolt
1010 2566 1096 2626 iilius.

199 2665 261 2723 Mn
277 2663 348 2722 Non
362 2662 512 2735 conuenit,
527 2662 578 2738 qui
592 2661 673 2721 ilium
687 2661 727 2721 id
740 2662 872 2722 laborem
886 2663 954 2721 hinc
967 2662 1141 2740 pepulerim,
1310 2662 1369 2722 165

279 2761 368 2820 Nunc
382 2777 430 2818 me
445 2762 541 2836 ipsum
555 2759 665 2835 fugere.
706 2759 765 2819 Cu.
786 2759 882 2819 Sicine
897 2769 942 2818 est
956 2761 1121 2820 sententia?

118 2883 159 2933 115
201 2860 263 2918 Me„
278 2857 336 2918 Sic.
378 2857 437 2918 CH.
458 2858 540 2916 Bene
560 2857 635 2916 unic.
677 2858 739 2916 Mn
763 2857 803 2915 Et
817 2865 859 2915 tu.
904 2857 1002 2935 (Exit
1014 2859 1076 2916 into
1089 2858 1137 2917 his
1149 2856 1264 2935 house.)
1310 2858 1368 2917 Cu.

505 2954 797 3032 (soliloquizingand
804 2954 971 3030 wipinghis
981 2953 1057 3031 eyes)
1073 2955 1230 3015 lacrumas
1242 2959 1369 3014 excussit

499 3050 572 3111 mihi

277 3149 459 3225 Miseretque
474 3167 523 3208 me
537 3148 608 3208 eius.
649 3149 702 3208 sed
716 3159 749 3209 ut
763 3147 823 3209 diei
836 3151 954 3226 tempus
967 3159 1021 3223 est,

282 3247 423 3322 Tempust
432 3264 554 3306 monere
568 3264 616 3305 me
631 3246 710 3307 huuc
724 3246 854 3306 uicinum
870 3248 1020 3320 Phaniam,

278 3342 327 3403 Ad
349 3345 455 3402 cenam
478 3353 510 3403 ut
531 3343 648 3403 ueniat:
671 3345 732 3419 ibo,
753 3345 847 3403 uisam
869 3348 893 3403 si
916 3343 1034 3404 domist.
1081 3344 1177 3423 (Goes
1198 3345 1245 3422 off
1255 3363 1285 3404 n.
1309 3344 1369 3404 170

498 3443 565 3500 and
575 3449 694 3500 returns
707 3440 926 3518 immediately.)

279 3539 331 3598 Nil
345 3543 420 3615 opus
434 3538 488 3598 fuit
502 3540 666 3599 monitore:
689 3540 748 3599 iam
762 3537 877 3598 duddm
891 3537 974 3597 domi
