2988 3942
154 247 271 314 inum
532 249 723 299 namon
747 249 1031 300 TIMORVMENOS.
1374 248 1408 298 39

244 431 298 490 C1.
316 433 416 508 Atque
429 434 471 492 ita
483 450 533 491 me
546 431 579 490 di
593 441 703 505 ament,
718 435 751 491 ut
764 450 822 508 ego
835 450 915 492 nunc
928 450 991 491 non
1004 434 1065 491 tem
1080 441 1197 506 meapte
1211 433 1300 489 causa

317 529 425 590 laeter
437 547 527 604 quam
541 529 635 602 illius3
656 547 745 606 quam
760 531 816 606 ego
830 530 892 589 scio
907 547 971 589 esse
988 529 1100 590 bondre
1115 529 1219 604 quouis
1233 528 1362 604 dignam.

156 653 183 684 ιο
245 627 292 685 Su.
315 627 363 686 Ita
375 624 478 686 credo.
519 626 572 686 sed
587 645 675 700 nunc,
690 627 795 699 Clinia,
809 646 874 705 age,
889 627 929 687 da
943 638 973 687 te
988 627 1060 686 mihi
1074 627 1222 701 uicissim3

317 724 395 783 Nam
409 724 497 783 amici
510 742 629 801 quoque
644 743 690 785 res
705 727 750 784 est
763 724 894 784 uidenda
907 726 938 784 in
952 728 1016 786 tuto
1030 735 1062 784 ut
1076 725 1258 798 conlocetur,

317 822 366 880 Ne
390 821 463 896 quid
486 820 525 880 de
545 809 646 881 amica
669 824 748 882 nunc
772 841 872 882 senex.
919 824 972 882 CL.
998 824 1128 902 (paying
1151 842 1188 881 no
1212 825 1354 883 attentabat
1379 832 1407 882 to

538 916 863 997 Smus)01i1ppiter!
904 921 951 980 Su.
974 921 1112 995 Quiesce.
1348 921 1407 980 690

242 1016 296 1076 cn
320 1016 506 1095 (avequyed)
530 1015 681 1093 AntIphila
708 1035 777 1076 mea
803 1018 896 1077 nubet
923 1017 1003 1077 mihi.
1053 1019 1102 1078 sv.
1127 1019 1223 1080 Sicine
1251 1019 1292 1077 mi
1319 1019 1406 1078 inter-

536 1115 678 1190 loquere?

243 1212 297 1272 cn
317 1212 399 1286 Quid
413 1212 541 1272 faciam?
561 1213 630 1290 Syre
645 1213 696 1285 mi,
711 1212 847 1289 gaddeo:
871 1215 915 1274 ier
929 1217 986 1276 me.
1029 1215 1076 1273 Su.
1099 1216 1175 1274 Fero
1190 1215 1288 1275 hercle
1302 1217 1383 1274 uero,

156 1335 181 1383 ις
244 1309 298 1369 C1„
319 1309 452 1368 Dedrum
469 1309 561 1368 uitam
574 1313 636 1386 apti
650 1329 759 1370 sumus.
801 1312 849 1371 Su.
868 1313 1008 1389 (naming
1023 1330 1111 1387 away
1126 1313 1158 1370 in
1175 1310 1302 1389 dtigust)
1322 1313 1407 1372 Frus-

536 1417 581 1466 tra
594 1411 716 1484 dperam
731 1409 837 1485 opinor
851 1413 946 1468 sumo.

243 1504 296 1564 C1„
319 1504 578 1584 (detaininglzim)
597 1506 752 1582 Loquere:
774 1506 874 1566 audi0.
916 1507 963 1566 Sv.
982 1504 1193 1584 (imputanda)
1211 1509 1250 1566 At
1271 1507 1329 1566 iam
1350 1506 1408 1567 hoc

537 1607 598 1663 ndn
611 1605 683 1680 agis.
725 1604 778 1664 Cn.
792 1606 896 1681 Agim.
938 1606 985 1664 Su.
1006 1603 1214 1678 Videndumst,
1229 1609 1358 1681 inquam,

315 1701 413 1759 Amici
426 1719 545 1777 quoque
560 1719 615 1773 res,
631 1701 737 1775 Clinia,
752 1702 794 1761 tui
808 1702 839 1760 in
853 1705 918 1762 tuto
932 1712 965 1760 ut
978 1702 1158 1762 conlocetur.
1348 1702 1408 1761 695

317 1799 396 1858 Nam
410 1801 434 1858 si
447 1816 527 1858 nunc
539 1817 558 1857 a
571 1798 657 1858 nobis
671 1799 734 1858 abis
749 1809 780 1858 et
794 1797 975 1858 Bacchidem
989 1798 1038 1857 hic
1052 1799 1199 1874 relinquis,

316 1896 410 1955 Senex
424 1895 564 1955 resciscet
577 1896 646 1954 ilico
659 1914 724 1955 esse
737 1900 864 1954 amicam
879 1896 955 1954 hanc
970 1897 1147 1973 Clitiphonis
1157 1919 1166 1971 3

318 1993 349 2052 Si
362 1992 530 2066 abduxeris,
545 1993 697 2066 celabitur,
709 1991 818 2052 itidem
832 1997 865 2052 ut
879 1994 974 2053 celata
987 1995 1086 2053 adhdc
1101 2004 1155 2053 est.

244 2090 299 2152 CL.
323 2088 533 2169 (impatiently)
559 2092 598 2150 At
625 2091 705 2150 enim
732 2093 807 2149 istoc
834 2091 876 2149 nil
901 2101 945 2150 est
970 2092 1072 2167 migis,
1096 2093 1176 2167 Syre,
1202 2093 1275 2153 meis
1299 2092 1408 2169 ndptiis

537 2188 706 2250 aduersum.

317 2286 396 2345 Nam
410 2303 470 2362 quo
492 2290 542 2345 dre
563 2283 722 2362 appellabd
742 2288 878 2362 patrem?
899 2288 983 2346 tenes
1004 2287 1076 2362 quid
1096 2287 1217 2345 dicam?
1258 2288 1305 2347 Su.
1327 2287 1408 2361 Quid

537 2383 589 2443 ni?
1349 2383 1408 2443 700

244 2481 299 2541 CL.
319 2481 401 2555 Quid
415 2480 535 2540 dicam?
554 2500 644 2557 quam
658 2500 778 2541 causam
793 2481 946 2541 adieram?
987 2483 1034 2542 Sv.
1057 2482 1137 2556 Quin
1155 2483 1225 2540 ndio
1246 2482 1407 2540 mentiere:

316 2580 427 2654 Aperte
441 2579 482 2637 ita
495 2588 528 2638 ut
542 2598 588 2638 res
603 2582 666 2638 sese
682 2579 772 2638 habet
786 2583 913 2639 narrato.
956 2580 1009 2638 Cn.
1028 2578 1231 2657 (astonished)
1252 2578 1332 2654 Quid
1347 2579 1409 2637 ais?

536 2678 584 2736 Su.
606 2677 718 2736 Iubeo:

153 2793 181 2847 ις
318 2773 403 2834 Illam
417 2785 448 2834 te
461 2793 561 2834 amare
576 2785 606 2834 et
619 2775 696 2834 uelle
710 2793 843 2848 uxorem,
858 2775 935 2834 hanc
949 2777 1013 2834 eme
1028 2776 1214 2851 Clitiphdnis.

243 2870 498 2950 C1..(ironically)
523 2874 637 2931 Bonam
660 2875 750 2948 atque
772 2873 878 2933 iustam
902 2890 965 2932 rem
990 2873 1104 2948 dppido
1128 2873 1255 2948 imperis
1277 2882 1307 2930 et
1330 2872 1408 2931 iactu

538 2970 663 3030 facilem.

317 3067 356 3126 Et
370 3066 482 3126 scilicet
496 3067 554 3126 iam
569 3085 617 3127 me
632 3067 691 3127 hbe
704 3068 787 3126 uoles
800 3077 916 3145 patrem
931 3070 1052 3126 exorare
1065 3077 1098 3126 ut
1112 3067 1190 3126 celet
1295 3065 1298 3070 '
1350 3064 1409 3126 705

316 3165 424 3223 Senem
448 3166 601 3223 nostrum?
641 3165 689 3225 Su.
711 3162 847 3242 (quidda)
870 3166 969 3224 Immo
992 3175 1026 3225 ut
1048 3167 1130 3224 recta
1154 3165 1203 3222 uia
1226 3182 1288 3222 rem
1312 3172 1409 3222 narret

538 3262 642 3323 ordine
657 3266 787 3322 Omnem.
829 3263 881 3322 Cn.
900 3260 1059 3341 (amazed)
1079 3264 1171 3334 Hem,

314 3360 397 3418 Satin
409 3361 497 3420 sinus
511 3378 543 3418 es
557 3369 607 3418 aut
622 3359 757 3420 sdbn‘us?
778 3369 809 3420 tu
823 3358 946 3434 quidem
961 3359 1042 3418 illum
1057 3359 1144 3435 plane
1158 3359 1268 3433 perdia

155 3481 184 3528 30
319 3453 416 3534 [Nam
429 3458 481 3533 qui
495 3457 542 3516 ille
557 3458 667 3534 poterit
683 3474 748 3516 esse
761 3457 793 3516 in
806 3466 880 3528 tuto,
895 3457 944 3515 dic
959 3454 1057 3534 mihi]

244 3553 291 3614 Su.
320 3553 538 3632 (solt'loquiaing
555 3556 622 3612 and
638 3555 782 3629 laugking
803 3562 832 3612 to
855 3552 992 3631 himself)
1019 3554 1099 3612 Huic
1123 3552 1263 3628 equidem
1287 3551 1410 3610 consilio

536 3652 665 3730 palmam
681 3650 739 3710 do:
763 3651 811 3708 hic
826 3669 874 3709 me
889 3651 1046 3727 magnifice
1060 3650 1168 3722 eciem,
