2988 3942
514 189 707 245 maroa
729 191 850 245 010οο
857 189 1017 246 000000.
1286 193 1395 262 [asia

301 359 388 450 ipsos
401 372 502 434 uideo.
543 375 603 435 Cn.
622 375 667 455 (to
681 375 890 453 Mammas)
909 374 1017 450 Ehem,
1032 375 1314 452 Menedeme„quor
1330 393 1397 436 non

521 475 633 531 accersi
646 472 730 533 iubes

301 568 405 628 Filiam
427 579 457 629 et
478 569 561 646 quod
584 570 662 630 dotis
684 570 747 629 dixi
769 571 891 630 sirmas?
933 571 982 631 80.
1002 569 1199 650 (pleadingb)
1218 571 1263 630 Mi
1286 571 1338 642 uir,
1363 580 1396 630 te

519 666 644 727 obsecro

301 764 348 821 Νέ
363 763 461 823 iacias„
504 764 557 824 CL.
577 764 741 844 (wn'nging
751 765 798 824 his
811 763 924 844 hands)
944 767 1038 839 Pater,
1051 765 1177 826 obsecro
1191 765 1232 825 mi
1247 765 1395 842 ignoscas.

523 863 586 921 Ma.
607 864 656 921 Da
668 863 796 936 ueniam,
811 863 974 923 Chremes:
1382 889 1394 937 5

299 958 367 1018 Sine
377 967 406 1017 te
415 969 547 1018 exorent.
575 960 632 1019 Cn.
649 960 807 1020 Mdabona
816 970 848 1019 ut
857 959 927 1019 dem
937 958 1078 1020 Bacchidi
1087 959 1169 1020 dono
1178 960 1298 1020 sciens?

300 1056 372 1115 Nou
392 1055 508 1116 faciam.
550 1058 612 1118 Ma.
627 1059 666 1116 At
680 1057 712 1116 id
725 1075 781 1116 nos
795 1061 856 1117 0όο
870 1057 1008 1117 sinemus.
1049 1059 1103 1119 CL.
1122 1057 1280 1138 (weeping)
1298 1058 1328 1118 Si
1344 1076 1396 1117 me

518 1153 619 1212 uiuom
633 1157 687 1228 uis,
702 1164 794 1230 pater,

300 1235 437 1326 ignosce.
479 1251 528 1310 80.
557 1250 788 1329 (persuasively)
816 1254 890 1328 Age,
915 1252 1060 1312 Chremes
1085 1252 1134 1312 mi.
1177 1254 1240 1312 Ma.
1259 1252 1397 1330 (puta'ng

520 1348 567 1407 his
587 1348 675 1407 hand
694 1368 732 1407 on
757 1351 930 1410 CnRaMas’s
950 1349 1103 1428 shoulder)
1128 1352 1191 1426 Age
1213 1363 1334 1426 quaeso,
1355 1353 1395 1410 06

522 1455 583 1506 tam
597 1447 712 1506 offirma
726 1449 767 1520 ti,
781 1447 934 1508 Chremes.
1194 1445 1195 1448 ’

221 1543 279 1602 Cn.
306 1540 469 1620 (yielai'ng)
489 1543 570 1617 Quid
585 1543 671 1602 istic?
690 1544 781 1604 uideo
798 1549 860 1604 non
874 1544 962 1603 licere
979 1553 1011 1603 ut
1026 1546 1185 1620 coeperam
1199 1544 1257 1604 hoc
1277 1547 1395 1621 pertin-
1489 1583 1490 1588 κ

521 1639 602 1699 dere.

221 1739 284 1796 Ma.
309 1737 521 1815 (approoingly,
536 1739 658 1814 pata'ng
675 1739 823 1797 CHREMES
843 1757 881 1796 on
903 1738 950 1798 the
970 1738 1058 1812 back)
1076 1739 1178 1812 -Facis,
1197 1749 1229 1799 ut
1245 1749 1275 1798 te
1295 1739 1395 1800 decit.

521 1836 580 1895 CH.
596 1837 641 1894 Ea
654 1836 718 1912 lege
733 1837 791 1896 hoc
805 1836 883 1896 adeo
897 1836 1013 1910 faciam,
1028 1840 1051 1895 si
1065 1837 1134 1895 iacit

141 1929 220 1989 1055
301 1930 393 2007 Quod
417 1950 473 2009 ego
498 1933 577 1994 hunc
601 1950 728 2009 aequom
752 1935 872 1993 060000.
917 1934 971 1993 CL.
1000 1933 1142 2014 (eagerly)
1173 1936 1268 2008 Pater,
1294 1935 1396 1994 omnia

523 2031 646 2090 faciam:
670 2035 791 2107 impera.

221 2127 279 2186 CH.
300 2111 431 2186 onrem
440 2137 473 2187 ut
484 2127 584 2187 ducas.
626 2129 679 2188 CL.
691 2125 945 2209 (thunderstruck)
956 2130 1043 2187 Pater
1058 2173 1065 2187 .
1082 2172 1089 2186 .
1108 2133 1114 2187 !
1156 2129 1216 2188 Ca.
1232 2129 1283 2188 Nil
1294 2128 1393 2188 addio.

522 2227 571 2286 80.
592 2227 640 2286 Ad
654 2244 703 2286 me
718 2227 848 2302 recipio:
1233 2245 1234 2248 ¹

303 2321 415 2380 Faciet.
457 2323 515 2381 Cn.
544 2324 594 2381 Nil
622 2325 712 2382 etiam
740 2323 830 2382 addio
858 2323 964 2399 ipsum.
1005 2323 1059 2383 CL.
1087 2321 1281 2403 (hesitaa‘ng)
1308 2325 1393 2384 Parii.

523 2421 571 2479 80.
593 2423 640 2479 Αο
655 2420 781 2494 dubitas,
796 2421 948 2495 Clitipho?

222 2516 280 2575 cn.
307 2515 531 2595 (inda'ffirently)
552 2503 650 2576 immo
675 2528 772 2577 utrum
796 2519 867 2578 uolt.
911 2520 959 2579 80.
986 2518 1089 2577 Faciet
1113 2518 1222 2578 omnia
1268 2520 1331 2578 Ma.
1350 2519 1394 2599 (to

523 2614 681 2692 camno)
701 2617 788 2673 Hadc
803 2615 875 2675 dum
889 2617 1021 2693 incipias,
1036 2616 1136 2693 gravia
1149 2625 1226 2689 sunt,

302 2713 442 2786 deque
465 2712 582 2787 ignores
592 2733 601 2785 3
633 2712 683 2771 abi
708 2713 852 2788 cognoris,
879 2714 982 2772 facilia.
1024 2714 1078 2773 CL.
1105 2713 1195 2792 (with
1219 2731 1261 2771 an
1285 2712 1389 2790 effert)

523 2810 652 2881 Faciam,
667 2819 759 2884 pater.
1368 2836 1391 2884 ¹5

141 2904 279 2965 106080.
306 2905 490 2984 (embracing
501 2907 578 2980 him)
598 2907 695 2965 Gnate
710 2906 760 2978 mi,
771 2924 828 2982 ego
841 2907 892 2982 poi
906 2908 959 2968 tibi
970 2908 1049 2969 dabo
1060 2907 1140 2965 iilam
1151 2904 1292 2984 lipidam,
1304 2925 1392 2983 quam

521 3013 551 3062 tu
566 3003 651 3062 facile
666 3021 756 3077 ames,
1311 2992 1314 2997 ’

302 3100 406 3158 Filiam
428 3100 629 3160 Phandcratae
650 3101 752 3160 nostri.
793 3101 847 3161 CL.
873 3099 1039 3179 (recoiling)
1066 3101 1214 3161 Rdiamne
1236 3101 1317 3161 iiiam
1336 3105 1391 3161 uir-

521 3216 631 3274 gmem,

301 3295 447 3368 Caesiam,
463 3313 565 3371 sparso
579 3300 641 3369 ore,
656 3296 774 3356 adunco
787 3297 880 3355 niso?
899 3313 961 3355 non
975 3298 1105 3371 possdm,
1120 3305 1213 3373 pater.

220 3391 279 3451 Cu.
305 3390 494 3468 (mockingly)
521 3394 610 3467 Heia,
625 3403 658 3453 ut
672 3394 789 3470 elegius
804 3396 866 3452 est!
888 3391 993 3452 credas
1014 3393 1143 3452 animum
1165 3393 1206 3454 ibi
1227 3411 1301 3453 esse.
1344 3395 1391 3454 80.

525 3490 572 3570 (to
585 3492 739 3564 CLITIPHO,
754 3488 970 3567 persuasively)
989 3489 1085 3549 Aliam
1099 3489 1189 3550 dabo.
