2988 3942
520 217 598 266 HEA
607 217 713 268 VTON
735 215 856 267 TIMOR
863 215 1022 268 VMENOS.
1284 215 1391 283 [iv-224

305 398 403 472 Quam
417 400 479 458 ndn
491 395 646 469 laboriosa,
661 394 700 455 ad
714 396 884 473 languorem
899 395 993 457 dedit.

303 496 370 554 Nec
384 498 543 572 quicquam
558 495 650 570 magis
664 511 743 552 nunc
757 496 858 555 metuo
872 512 962 570 quam
976 511 1014 554 ne
1029 495 1131 554 denuo

304 593 397 652 Miser
410 592 508 666 aliquo
523 590 661 650 extnrdar
673 592 751 664 hinc,
766 609 805 650 ne
818 591 1015 651 accedamad
1029 589 1219 652 Bacchidem.
1381 617 1391 668 ς

307 690 420 766 (seeing
430 688 539 767 Sinus)
557 690 598 748 Vt
613 691 642 748 te
656 688 778 765 quidem
792 688 824 748 di
838 688 972 765 deaeque
987 707 1092 750 omnes
1106 692 1286 766 quantdmst,
1301 691 1380 767 Syre,

304 787 381 846 Cum
394 787 469 846 istoc
484 786 607 846 inuento
621 789 749 862 cirmque
763 787 884 863 incepto
898 787 1056 863 perduint!

304 884 402 943 Huius
417 883 499 942 modi
513 884 554 942 mi
568 902 614 944 res
628 886 746 960 semper
759 885 993 958 comminiscere,

303 982 361 1041 Vbi
376 1000 424 1040 me
441 981 650 1040 excamuiices.
691 983 738 1041 Su.
761 967 829 1041 ibin
842 982 911 1040 hinc
924 1001 986 1059 quo
999 981 1104 1059 dignus
1118 983 1173 1041 es?
1216 1001 1218 1004 ·

304 1079 401 1154 Quam
415 1081 511 1154 paene
526 1089 576 1137 tua
590 1095 637 1138 me
652 1078 782 1155 perdidit
796 1080 990 1154 protemitas!
1369 1108 1395 1139 ιο

142 1172 203 1234 815
237 1176 289 1235 Cr..
310 1176 461 1253 (sullcnly)
481 1177 597 1235 Vellem
615 1177 714 1235 hercle
734 1176 854 1248 iactum,
871 1175 912 1234 ita
931 1175 1071 1234 meritu's.
1112 1175 1160 1234 St.
1179 1175 1268 1251 (with
1286 1193 1329 1232 an
1349 1177 1398 1232 air

524 1272 562 1347 os
574 1273 696 1348 injicred
706 1270 875 1348 innocence)
895 1271 1041 1330 Meritus?
1060 1274 1121 1346 qud
1130 1269 1248 1330 modo?

303 1372 351 1430 Ne
366 1388 414 1429 me
429 1372 505 1429 istuc
519 1388 556 1428 ex
570 1380 600 1429 te
614 1372 694 1446 prius
710 1368 827 1428 audisse
840 1367 968 1445 gaudeo,

303 1468 402 1542 Quam
416 1469 569 1544 argentum
583 1466 717 1539 haberes,
731 1466 814 1542 quod
828 1466 949 1525 daurrus
962 1465 1021 1525 iim
1035 1464 1085 1525 i'ui.

232 1567 285 1626 CL.
301 1564 382 1640 Quid
397 1565 483 1641 igitur
497 1563 595 1623 dicam
609 1563 663 1624 tibi
676 1564 742 1622 uis?
755 1567 773 1639 †
788 1563 874 1623 abisti
888 1562 960 1622 mihi

302 1665 438 1721 Amicam
451 1660 585 1734 adduxti,
600 1663 694 1736 quim·
703 1679 764 1719 non
778 1660 918 1720 licitumst
932 1662 1061 1736 tingere.
1370 1686 1394 1734 ¹5

142 1760 202 1820 820
233 1760 280 1820 Su.
305 1761 370 1818 Iam
384 1763 445 1818 non
459 1777 524 1817 sum
538 1759 637 1818 iratus.
679 1757 733 1817 sed
747 1758 812 1816 scin
825 1757 876 1817 ubi
889 1775 968 1816 nune
983 1761 1020 1816 sit
1033 1757 1087 1817 tibi
1193 1796 1197 1803 -
1252 1765 1253 1768 ’

301 1858 368 1915 Tua
388 1856 534 1916 Bacchis?
586 1856 639 1916 CL.
661 1854 749 1931 Apud
770 1873 834 1914 nos.
875 1856 923 1914 Su.
945 1855 1026 1914 Non.
1068 1855 1121 1915 Cn.
1141 1854 1200 1915 Vbi
1214 1856 1308 1931 ergo?
1348 1855 1395 1914 Su.

524 1952 614 2030 Apud
629 1953 765 2013 Cliniam.

235 2052 288 2111 Cn.
301 2048 454 2131 (starn'ng)
468 2051 553 2110 Perii.
581 2052 628 2110 Su.
644 2052 729 2110 Bono
738 2050 839 2110 animo
846 2068 897 2109 es:
912 2049 972 2109 iam
980 2052 1134 2126 Argentum
1142 2049 1182 2110 ad
1192 2067 1260 2109 eam
1270 2049 1397 2122 deseres,
1482 2119 1483 2122 Ἴ

303 2147 394 2223 Quod
409 2152 436 2206 ei
449 2148 617 2225 pollicitu’s.
659 2148 712 2208 Cr..
734 2148 843 2208 Garris.
883 2146 985 2206 unde?
1024 2147 1072 2208 Sir.
1093 2149 1186 2207 Atuo
1199 2155 1295 2223 patre.

234 2246 288 2306 Cn.
303 2246 395 2306 Ludis
409 2246 530 2305 sortasse
545 2247 615 2304 me?
655 2245 702 2305 Su.
725 2230 796 2322 ipsa
809 2263 840 2303 re
855 2245 1036 2321 experibere.
1100 2304 1104 2309 ,
1384 2272 1399 2302 0

143 2342 203 2402 825
234 2344 288 2404 cr.
307 2343 491 2421 (ovetjoyed)
521 2344 570 2402 Ne
598 2360 654 2419 ego
682 2343 774 2402 homo
802 2362 866 2402 sum
894 2342 1075 2402 fortunatus:
1110 2341 1220 2402 deamo
1247 2343 1287 2415 te,
1315 2342 1398 2417 Syre.

530 2439 720 2517 (Cunnum's
733 2441 807 2498 door
817 2439 929 2517 opens.)

234 2540 282 2598 Su.
310 2537 446 2616 (hasn'ly)
466 2537 524 2597 Sed
539 2540 623 2614 pater
636 2538 794 2614 egreditur.
836 2540 909 2598 ciue
923 2537 1083 2614 quicquam
1097 2536 1257 2597 admiratus
1270 2537 1320 2611 sis,

307 2635 374 2710 Qua
388 2638 477 2694 caiisa
491 2634 522 2694 id
536 2635 607 2709 fiat3
628 2635 832 2696 obsecundato
847 2639 876 2694 in
890 2635 978 2708 loc03

306 2732 396 2808 Quod
411 2732 567 2808 imperabit
582 2732 691 2808 iacit03
713 2733 839 2810 loquitor
852 2731 987 2809 patena.

697 2915 795 2974 Scnun
815 2933 844 2990 3.

298 3045 446 3106 CHREMES
460 3051 556 3104 enters
567 3042 653 3118 from
667 3045 715 3104 nis
728 3045 827 3120 house,
842 3044 978 3121 bringing
991 3063 1011 3103 a
1025 3045 1083 3121 bag
1093 3042 1132 3120 of
1145 3062 1255 3122 money.

145 3175 275 3225 CHREMES
286 3175 355 3238 gives
367 3175 410 3224 the
422 3190 513 3238 money
522 3181 549 3224 to
559 3175 697 3235 Cunnum
706 3175 764 3224 who
775 3174 796 3224 is
806 3173 939 3239 paralyzed
947 3175 1009 3224 with
1020 3173 1210 3235 astonishment,
1220 3173 1266 3224 but
1277 3189 1402 3240 meges

189 3265 215 3306 to
227 3264 270 3321 get
281 3257 390 3321 through
405 3257 448 3306 the
460 3258 588 3306 interview
599 3257 659 3307 with
671 3257 778 3308 Sinus’s
790 3258 943 3323 prompting.
971 3257 1043 3308 After
1055 3257 1115 3321 they
1125 3273 1167 3308 are
1179 3272 1255 3322 gone,
1266 3257 1401 3308 Cunms

188 3339 347 3407 soliloquizes
358 3355 391 3389 on
403 3340 446 3390 the
458 3355 566 3405 expense
578 3340 660 3391 which
672 3357 688 3390 a
699 3340 822 3404 daughter
833 3340 854 3390 is
865 3347 891 3390 to
903 3341 949 3391 her
959 3340 1049 3391 father.

368 3457 552 3516 Cnnnuns
712 3457 897 3519 Cnrrrnno
1058 3457 1174 3517 Svnvs
1264 3537 1266 3544 Ι

421 3547 506 3588 5ΕΝΕΧ
718 3549 888 3588 ADVLESCENS
1066 3549 1164 3588 SERVOS
