2988 3942
164 247 292 316 iiam
541 243 734 297 HEAVTON
756 243 1040 296 TIMORVMENOS.
1383 245 1414 297 21

329 425 568 509 (threatem’ngh)
584 413 653 488 Eho
669 427 802 500 sceleste,
817 431 877 504 qul>
897 427 977 487 illam
998 427 1103 487 ducis?
1143 429 1190 487 Su.
1209 425 1327 506 (coolly)
1346 429 1416 502 Quo

549 543 605 602 ego
619 526 719 584 illam?
739 524 778 584 ad
792 543 847 584 nos
861 525 982 584 scilicet.
1339 577 1341 580 .

229 625 311 684 Cirr.
326 613 378 684 Ad
391 624 568 701 pattemne?
594 624 642 682 Su.
656 621 705 682 Ad
719 641 788 682 eum
802 626 907 698 lpsum.
936 623 1020 682 Cam.
1038 621 1176 702 (holding
1187 633 1227 700 up
1239 625 1286 683 his
1299 622 1411 701 hands)

547 721 575 780 O
589 720 717 779 hominis
732 721 926 796 lnpudentem
941 718 1116 779 audaciam!
1158 722 1205 780 Su.
1227 723 1322 794 Heus,

327 821 399 878 Νόη
412 819 447 878 fit
460 819 523 878 sine
538 819 650 895 periclo
665 817 776 876 facinus
791 820 931 894 magnum
946 836 1002 876 nec
1017 818 1216 879 memorabile.

230 918 313 977 cm.
331 914 478 996 (angdly)
504 917 575 974 Hac
596 914 684 975 uide:
709 915 741 974 in
761 933 828 974 mea
848 918 909 974 ulta
929 924 962 974 tu
982 914 1036 974 tibi
1056 914 1176 975 laudem
1196 916 1221 974 is
1241 916 1417 991 quaesitum,

549 1013 665 1072 scelus?
1358 1013 1417 1072 315

166 1137 192 1186 75
327 1095 387 1172 Vbi
401 1112 425 1170 si
439 1111 590 1187 paululum
604 1109 696 1171 modo
710 1111 782 1187 quid
797 1121 826 1170 te
841 1111 956 1188 fugerit,
971 1129 1028 1187 ego
1041 1111 1188 1187 perierim.

332 1209 376 1288 (to
388 1209 509 1286 Cumis)
522 1208 603 1283 Quld
617 1209 668 1268 illo
679 1209 790 1268 facias?
823 1211 870 1269 Su.
886 1199 928 1269 Ᾰῑ
942 1209 1022 1268 enim
1038 1253 1045 1268 .
1062 1209 1166 1268 ‚Cum
1189 1207 1270 1282 Quid
1285 1209 1419 1268 ‘enim'i

548 1307 596 1366 Su.
617 1307 647 1366 Sl
661 1307 747 1379 sinas,
763 1305 871 1366 dicam.
913 1307 997 1366 cim.
1019 1307 1097 1366 Sine.

231 1405 314 1465 Cur.
329 1405 408 1464 Slno.
450 1405 497 1465 Su.
516 1405 563 1463 Ita
576 1422 622 1463 res
639 1414 685 1464 est
698 1404 772 1464 haec
786 1422 874 1477 nunc,
889 1405 973 1481 quasi
987 1421 1079 1479 quom
1095 1448 1101 1462 .
1118 1448 1125 1463 .
1140 1404 1223 1462 Cm.
1243 1403 1417 1482 (intempt-

550 1503 602 1578 ing
612 1502 675 1560 ln'm
688 1503 883 1579 impatiently)
903 1503 985 1576 Quas
999 1503 1109 1560 malum
1123 1502 1261 1576 ambages
1276 1501 1349 1559 mihi

328 1601 453 1660 Narrare
464 1599 596 1675 occipit?
637 1599 722 1658 Cum.
738 1601 818 1675 Syre,
828 1617 930 1658 uerum
942 1599 991 1657 hic
1002 1597 1075 1656 dicit
1086 1621 1092 1656 :
1116 1599 1209 1672 mitte,
1220 1598 1259 1657 ad
1271 1601 1333 1656 rem
1345 1598 1417 1657 redi.

230 1699 280 1758 Su.
330 1683 419 1756 Enim
433 1715 506 1756 uero
520 1697 645 1755 reticere
659 1715 795 1772 nequeo:
818 1696 1000 1756 multimodis
1015 1696 1144 1768 iniurius,
1359 1695 1417 1754 320

168 1808 197 1854 80
330 1794 471 1871 Clitipho,
493 1813 525 1854 es
545 1812 643 1868 neque
664 1794 732 1852 ferri
752 1795 830 1870 potis
852 1813 893 1853 es.
935 1795 1020 1853 Cum.
1040 1793 1084 1872 (to
1106 1791 1263 1872 Cmuimao)
1285 1792 1417 1851 Audiun-

549 1890 622 1950 dum
636 1892 735 1950 hercle
749 1894 803 1964 est,
819 1901 894 1951 tace.

232 1991 280 2050 Su.
328 1991 381 2048 Vls
395 2007 504 2063 amare,
518 1992 563 2048 uls
576 1989 674 2065 potiri,
689 1992 733 2048 uls
746 1989 828 2065 quod
843 1987 896 2048 des
911 1989 952 2046 illi
966 1989 1064 2062 effici3

328 2087 427 2146 Tuom
442 2105 506 2146 esse
520 2087 551 2145 in
565 2086 711 2162 potiunda
726 2087 869 2162 periclum
883 2091 944 2146 non
959 2086 1021 2144 uis:
1044 2085 1125 2145 haud
1139 2086 1225 2145 stulte
1240 2087 1337 2162 sapis3

329 2183 480 2260 Siquidem
494 2183 526 2243 id
541 2193 679 2261 saperest,
694 2185 770 2244 uelle
785 2193 815 2242 te
829 2184 860 2242 id
873 2183 956 2258 quod
970 2189 1030 2245 non
1044 2193 1144 2259 potest
1157 2187 1337 2259 contingere.

328 2283 389 2340 Aut
416 2281 490 2342 haec
518 2300 587 2339 cum
614 2281 668 2339 illis
694 2283 761 2340 sunt
788 2281 934 2354 habenda,
959 2289 1009 2340 aut
1037 2281 1085 2339 llla
1109 2300 1176 2339 cum
1205 2281 1249 2339 his
1274 2281 1419 2339 mittenda

549 2388 624 2438 sunt.
1359 2377 1418 2436 325

331 2477 449 2536 Ham
463 2475 587 2536 duarum
602 2476 814 2536 cendicionum
827 2479 908 2535 nime
921 2486 1017 2535 utram
1032 2477 1115 2534 malls
1128 2475 1218 2549 uide3

329 2558 394 2632 Etsi
407 2573 563 2634 consilium
577 2573 659 2648 quod
673 2573 741 2649 cepi
755 2576 869 2632 rectum
883 2592 947 2632 esse
962 2583 992 2632 et
1006 2577 1101 2632 ultum
1116 2574 1187 2632 scio,

328 2671 407 2729 Nam
421 2671 500 2748 apud
514 2681 630 2747 patrem
644 2680 694 2730 tua
707 2675 804 2729 amica
817 2680 916 2730 tecum
931 2674 993 2730 slne
1008 2682 1089 2730 metu
1103 2681 1136 2729 ut
1150 2672 1187 2730 sit
1201 2671 1323 2747 copiast.

327 2768 406 2826 Tum
420 2767 503 2843 quod
517 2769 558 2828 illi
571 2777 726 2844 argentum
741 2771 772 2827 es
787 2769 942 2845 pollicitus,
957 2768 1065 2827 eadem
1078 2769 1135 2826 hac
1150 2769 1298 2826 inueniam
1311 2768 1368 2840 uia,

328 2865 420 2941 Qucd
432 2876 465 2924 ut
479 2866 628 2924 efficerem
642 2866 754 2926 orando
765 2865 867 2924 surdas
881 2866 940 2925 iam
954 2867 1030 2924 auris
1045 2865 1218 2924 reddideras
1232 2865 1313 2924 mihi.
1358 2864 1417 2923 330

330 2961 411 3036 Quld
431 2962 510 3022 aliud
531 2964 585 3025 tibi
604 2965 669 3023 uls?
709 2965 791 3025 Cim.
818 2961 1009 3042 (doubffully)
1035 2961 1187 3038 Siquidem
1208 2964 1265 3021 hoc
1287 2963 1328 3021 fit.
1370 2963 1417 3031 Su.

551 3061 761 3139 (impatiently)
780 3061 954 3136 Siquidem?
974 3061 1157 3136 experiundb
1171 3061 1256 3118 scies.

231 3157 317 3227 Cum
332 3156 488 3236 (yielding)
507 3148 573 3234 alge
587 3176 652 3235 age,
667 3158 744 3218 cedo
758 3160 833 3217 istuc
848 3162 930 3218 tuom
945 3159 1118 3217 consilium:
1142 3158 1214 3233 quld
1228 3157 1259 3216 id
1273 3159 1339 3216 est?
1369 3159 1389 3216 S
1409 3202 1416 3215 .

547 3255 797 3316 AdsimuIAbimus

326 3353 422 3411 Tuam
436 3354 563 3412 amicam
577 3353 662 3412 huius
676 3356 741 3412 esse
755 3356 891 3413 amicam.
927 3354 1009 3413 Curr.
1026 3352 1256 3434 (sarcastically)
1273 3352 1415 3411 Pulchre:

546 3450 619 3526 quid
633 3451 720 3510 saciet
734 3454 806 3510 sua?

327 3537 376 3606 Ᾰη
391 3567 427 3607 ea
440 3567 560 3624 quoque
574 3547 689 3608 dicetur
702 3549 795 3621 huius,
810 3550 834 3607 si
848 3552 907 3607 lma
920 3548 995 3606 haec
1010 3547 1179 3608 dedecorlst
1192 3550 1317 3623 parum?
