2988 3942
483 169 563 218 HEA
571 169 596 218 V
596 169 677 218 TON
698 169 818 218 TIMOR
825 168 985 218 VMENOS.

285 350 351 425 Ego
365 348 441 408 istuc
455 349 559 408 aetatis
573 353 635 408 nen
648 349 742 408 amori
756 350 878 424 operern
892 347 1011 422 dabam,

285 446 344 506 Sed
358 447 389 504 in
402 436 506 506 Asiam
520 447 589 504 hinc
603 446 663 506 abii
677 450 799 524 prepter
812 447 984 522 pauperiem
998 447 1087 521 etque
1098 446 1139 506 ibi

285 544 377 603 Simul
390 562 453 602 rem
467 552 498 602 et
511 544 635 620 gloriam
650 544 737 602 ermis
752 544 822 604 belli
836 543 973 620 repperi!

285 643 439 701 Postremo
452 640 530 700 adeo
544 660 591 700 res
604 640 711 700 rediit:
733 640 971 700 adulescentulus

283 739 378 814 Saepe
393 737 500 797 eadem
516 747 545 797 et
558 739 687 815 grauiter
699 737 852 798 addiendo
865 742 960 798 uictus
974 749 1039 811 est3

282 837 387 895 Aetete
402 854 450 895 me
464 837 579 912 puteuit
593 845 624 896 et
637 836 781 912 sapientia

284 933 351 992 Plus
366 937 440 992 scire
455 942 485 992 et
499 934 657 1009 prouidere
671 951 761 1009 quam
776 952 808 993 se
822 933 919 1010 ipsulm
934 933 1007 992 sibi:

284 1032 321 1089 In
334 1021 437 1090 rislam
452 1031 491 1090 ad
506 1050 605 1108 regem
621 1032 777 1090 militatum
791 1031 872 1104 abiit,
887 1031 1041 1091 Chremes.

203 1127 261 1188 Cu.
282 1128 363 1202 Quid
376 1117 441 1188 ais?
480 1130 543 1188 Mn.
565 1130 651 1188 Clam
666 1147 714 1188 me
728 1129 878 1205 proiectus
893 1129 1002 1188 mensis
1016 1132 1067 1187 tris
1081 1129 1172 1190 abest

203 1226 261 1284 Cu.
282 1226 379 1286 limbo
394 1225 573 1300 eccusmdi3
595 1227 650 1286 etsi
665 1226 736 1285 illud
750 1227 903 1302 inceptum
918 1236 1018 1284 tamen

122 1321 181 1380 120
281 1323 408 1382 Animist
421 1324 561 1399 pudentis
575 1328 688 1400 signum
705 1334 735 1383 et
748 1342 809 1382 non
823 1323 973 1383 instrenui.

203 1421 265 1478 Mn.
281 1421 340 1478 Vbi
355 1422 489 1496 cdmperi
504 1440 540 1480 ex
555 1422 607 1494 eis,
622 1426 673 1496 qui
688 1422 768 1480 fuere
784 1421 811 1479 ei
826 1421 948 1494 censcii,

282 1519 415 1577 Domum
430 1529 564 1578 reuortor
577 1521 705 1578 maestus
720 1528 808 1594 atque
823 1519 924 1578 anime
937 1519 999 1578 iere

283 1616 456 1676 Perturbato
470 1625 559 1692 atque
573 1616 687 1675 incerto
701 1635 772 1692 prae
787 1615 979 1692 aegritddine.

281 1711 413 1772 Adsido:
436 1713 596 1772 adcurrunt
609 1715 694 1787 serui,
708 1732 814 1774 soccos
827 1713 1005 1788 detrahunt3

283 1810 381 1869 Video
396 1810 467 1870 elios
482 1811 619 1870 lestinere
634 1812 727 1871 lectos
741 1814 882 1884 sternere,

282 1908 396 1966 Cenam
410 1907 571 1983 edparare:
594 1913 650 1984 prd
663 1928 694 1968 se
709 1910 834 1985 quisque
848 1909 952 1968 sedulo

281 2005 306 2062 F
307 2005 452 2079 sciebant,
466 2024 526 2081 quo
540 2006 619 2064 illam
634 2007 706 2065 mihi
720 2007 844 2066 lenirent
858 2007 1015 2066 miseriam.

280 2102 339 2160 Vbi
352 2102 452 2175 uiden,
466 2104 540 2161 haec
556 2105 643 2180 coepi
657 2105 788 2180 cogitare
803 2104 901 2176 ‘hem,
916 2107 961 2162 tet
975 2121 1042 2161 mea

280 2199 374 2258 Solius
388 2200 505 2260 solliciti
519 2203 578 2260 sint
591 2219 689 2274 causa,
703 2211 737 2260 nt
750 2220 798 2260 me
813 2219 905 2260 unum
919 2200 1078 2276 expleant?

279 2297 411 2355 Ancillae
426 2307 471 2357 tot
485 2317 533 2356 me
547 2298 695 2357 uestiant?
713 2302 848 2373 sumpttis
862 2298 944 2357 domi

279 2395 394 2454 Tantds
408 2413 465 2471 ego
479 2395 557 2454 solus
570 2395 698 2454 seciam?
717 2394 771 2454 sed
785 2404 906 2470 gnatum
920 2395 1049 2467 unicum,

281 2492 379 2566 Quem
394 2493 502 2568 periter
515 2493 559 2551 uti
573 2492 618 2550 his
631 2492 732 2552 decuit
746 2501 796 2551 aut
811 2492 900 2550 etiam
914 2485 1048 2566 emplius,
1098 2565 1104 2574 .

281 2589 372 2663 Quod
386 2590 435 2648 illa
449 2593 529 2648 aetas
544 2590 636 2665 magis
650 2589 690 2648 ad
703 2590 778 2648 haec
792 2589 905 2648 utenda
918 2589 1062 2662 idoneast,
1099 2575 1102 2579 ¹

280 2688 357 2745 Eum
372 2705 428 2762 ego
442 2687 511 2745 hinc
526 2688 600 2746 eieci
614 2692 753 2746 miserum
766 2687 907 2746 iniustitia
921 2705 988 2745 mea
1000 2689 1006 2746 l

279 2783 361 2843 Male
375 2784 496 2859 quidem
512 2802 560 2843 me
573 2785 679 2860 queuis
693 2785 816 2860 dignum
830 2784 983 2859 deputem,

279 2881 309 2941 si
322 2881 354 2940 id
368 2879 484 2940 seciam.
524 2899 594 2939 nam
608 2900 702 2957 usque
716 2880 788 2940 dum
801 2881 850 2940 ille
863 2882 954 2940 uitam
969 2881 1049 2940 illem
1063 2881 1142 2942 colet

280 2980 415 3054 Inopem,
431 2995 533 3036 carens
547 2978 642 3054 patria
656 2978 696 3038 ub
710 2997 791 3038 meas
805 2978 933 3053 iniurias,

280 3077 397 3136 Interea
410 3094 504 3152 usque
518 3076 559 3134 illi
573 3075 611 3136 de
626 3095 675 3136 me
689 3077 866 3154 supplicium
880 3076 961 3138 dabo

279 3173 438 3248 Labdrans,
452 3192 587 3250 parcens,
602 3177 755 3250 quaerens
770 3175 811 3233 iili
825 3175 976 3234 seruiens!

278 3271 324 3328 lta
337 3271 415 3331 secio
429 3289 565 3347 prorsus:
588 3272 629 3329 nil
644 3271 777 3347 relinquo
791 3272 822 3331 in
836 3270 969 3344 aedibus,

279 3366 345 3423 Nec
357 3369 410 3424 nes
423 3385 480 3425 nec
494 3368 722 3427 uestimentum:
745 3369 862 3426 conrasi
875 3367 985 3427 emnia.

276 3461 414 3533 Ancillas,
428 3479 538 3536 seruos,
553 3464 609 3523 nisi
623 3482 674 3523 eos
688 3465 738 3539 qui
753 3481 843 3539 opere
858 3464 968 3522 rustico
