2988 3942
509 260 589 309 HEA
597 260 622 310 V
623 260 702 308 TON
725 260 750 308 T
747 259 845 308 IMOR
852 259 1011 309 VMENOS.
1280 257 1389 324 [ii.a.7o.

299 443 369 517 Quo
382 441 481 501 stodio
495 440 588 500 uitam
601 442 686 500 suom
700 448 730 498 te
743 439 867 499 absente
882 440 1022 516 exegerit,
1475 499 1476 529 ,

296 540 354 600 Vbi
368 539 407 598 de
422 539 600 616 inprouisost
613 541 811 597 interuentum
825 537 949 596 molieri.
1361 564 1391 610 40
1475 533 1476 544 ³

297 638 376 697 Nam
390 655 426 695 ea
440 639 486 694 res
500 635 585 694 dedit
599 645 662 694 tum
676 634 875 693 existimandi
888 633 1006 710 copiam

296 735 483 796 Cottidianae
498 738 577 793 uitae
591 732 848 806 consuetudinem,

296 832 381 907 Quae
395 836 559 908 quoiusque
573 831 725 908 ingenium
739 840 772 890 ut
786 833 823 890 sit
837 829 969 890 declarat
983 832 1130 890 mexume.

295 932 460 988 Texentem
475 930 565 988 telam
579 928 710 988 studiose
726 929 821 1006 ipsam
837 927 1022 1000 offendimus,

297 1027 491 1086 Mediocriter
504 1030 640 1086 uestitam
654 1036 737 1086 ueste
752 1025 867 1102 logubri

300 1125 388 1202 (Eius
402 1125 487 1185 onuis
502 1143 591 1182 causa
605 1128 710 1200 opinor
724 1141 801 1200 quae
816 1133 879 1182 erat
893 1121 1037 1200 mortua),

190 1233 195 1242 ’
296 1223 364 1282 Sine
379 1225 468 1297 auro,
491 1232 555 1280 tum
570 1232 704 1280 ornatam
719 1225 760 1280 ita
773 1222 815 1280 uti
829 1239 906 1296 quae
920 1223 1061 1280 ornantur
1075 1221 1139 1296 sibi,

297 1320 386 1379 Nullo
400 1320 477 1378 mala
491 1338 522 1378 re
537 1337 568 1378 os
583 1319 743 1394 expolitam
758 1319 912 1392 miliebri3

297 1418 426 1494 Capillus
440 1434 542 1493 pexus,
557 1417 668 1492 prolixe
682 1417 795 1475 circum
810 1425 900 1492 caput

297 1515 448 1587 Reiectus,
463 1514 653 1590 neclegenter
659 1533 669 1586 ;
684 1530 751 1589 pax.
786 1514 871 1573 Cum.
892 1514 962 1590 Syre
977 1513 1026 1586 mi,
1042 1514 1178 1588 obsecro,
1364 1539 1394 1587 50
1475 1535 1476 1544 ¹

298 1614 346 1671 Ne
360 1631 409 1671 me
423 1616 454 1671 in
467 1612 608 1670 laetitiam
623 1612 726 1670 irustra
739 1611 878 1670 conicios.
919 1611 967 1670 Su.
988 1612 1071 1669 Anus

296 1710 459 1770 Subtemen
471 1709 571 1768 nebat.
612 1711 767 1786 praeterea
780 1727 840 1768 una
853 1708 990 1766 ancillula

298 1809 388 1881 Erat,
410 1810 446 1866 ea
460 1807 579 1866 texebat
591 1809 659 1880 dna,
673 1807 779 1882 pannis
793 1805 898 1878 obsita,

298 1905 450 1979 Neclecta,
465 1904 608 1963 inmunda
621 1903 739 1964 inlduie.
781 1904 865 1963 Curr-
888 1903 918 1963 Si
932 1903 1007 1962 haec
1021 1911 1098 1975 sunt,
1112 1901 1218 1976 Clinia,

297 2005 384 2077 Vera,
398 2006 438 2061 ita
452 2003 495 2061 uti
509 2002 608 2075 credo,
623 2004 689 2077 quis
703 2011 732 2061 te
748 2010 793 2060 est
807 2001 999 2060 fortunetior?

298 2100 365 2159 Scin
391 2100 467 2158 hanc
481 2118 571 2175 quam
585 2099 658 2158 dicit
672 2097 855 2158 sordidatam
869 2107 899 2158 et
913 2097 1094 2157 horridam?

299 2199 441 2273 Magnum
456 2197 516 2256 hoc
530 2215 649 2273 quoque
664 2196 815 2272 signumst‚
831 2195 983 2255 dominam
998 2213 1063 2255 esse
1078 2205 1161 2254 extra
1173 2194 1303 2267 noxiam,

298 2295 397 2369 Quom
413 2295 476 2353 eiris
489 2304 551 2352 tam
564 2294 758 2370 neclegirntur
772 2293 953 2352 internrintii.

137 2391 196 2451 300
298 2393 376 2450 Nam
391 2391 574 2468 disciplinast
588 2393 630 2450 eis
645 2389 864 2450 demunererier

297 2489 425 2548 Ancillas
439 2490 576 2566 primum,
591 2487 630 2546 ad
645 2488 782 2548 dominas
796 2488 848 2564 qui
861 2487 1013 2548 adfectent
1025 2487 1114 2546 uiam.

201 2588 288 2647 Cant.
303 2587 347 2664 (to
362 2586 470 2665 Sinus)
490 2589 592 2662 Perge,
608 2588 734 2647 obsecro
748 2595 787 2660 te,
803 2595 833 2644 et
848 2588 922 2644 ciue
935 2604 974 2644 ne
983 2585 1090 2644 -ialsam
1104 2585 1228 2660 gretiam
1475 2617 1476 2640 i

297 2685 420 2745 Studeos
435 2685 517 2743 inire.
559 2683 632 2760 quid
646 2687 696 2758 ait,
710 2684 762 2744 ubi
776 2702 824 2742 me
838 2683 995 2742 nominas?

201 2784 247 2842 St.
297 2782 356 2842 Vbi
370 2781 495 2842 dicimus
510 2781 621 2841 redisse
636 2792 666 2841 te
680 2791 710 2840 et
725 2784 828 2857 rogere
842 2780 885 2839 uti

137 2878 197 2938 305
297 2881 419 2938 Veniret
433 2879 472 2938 ad
487 2889 525 2952 te,
541 2879 647 2938 molier
661 2879 749 2938 telam
764 2877 873 2936 desinit
1475 2879 1476 2950 i

298 2979 447 3037 Continuo
461 2986 491 3036 et
506 2976 641 3036 lacrumis
656 2976 759 3052 opplet
773 2993 806 3035 os
820 2976 917 3034 totom
930 2973 996 3046 sibi,
1363 2989 1392 3048 ⁶5

296 3076 337 3133 Vt
350 3074 435 3133 focile
451 3075 540 3133 scires
555 3073 704 3133 desiderio
719 3073 750 3132 id
765 3072 838 3131 fleri.
1264 3075 1266 3080 '
1475 3097 1476 3148 i

200 3173 286 3231 Cum.
299 3174 371 3230 Prae
385 3171 504 3248 gaudio,
519 3173 560 3231 ita
574 3191 621 3231 me
637 3171 668 3230 di
682 3180 792 3245 ament,
805 3169 857 3232 ubi
870 3169 925 3229 sim
939 3169 1059 3229 nescio:
1475 3155 1476 3206 i

298 3270 345 3326 Ita
358 3270 452 3328 timui.
495 3269 579 3329 Cirr.
599 3273 638 3329 At
652 3288 708 3346 ego
723 3270 764 3328 nil
778 3271 842 3328 esse
857 3267 980 3341 scibam,
994 3265 1099 3327 Clinia.

137 3364 197 3424 310
303 3367 346 3444 (to
362 3365 470 3443 Sinus)
488 3366 639 3443 Agedum
654 3367 792 3440 uicissim,
807 3367 887 3442 Syre,
902 3363 952 3424 dic
965 3382 1043 3440 quae
1057 3363 1132 3424 illast
1145 3363 1257 3423 Altera?
1475 3423 1476 3442 χ

201 3463 249 3522 Sx.
298 3461 483 3522 Adducimus
511 3473 591 3522 tuam
620 3462 811 3523 Bacchidem.
866 3462 950 3522 Cirr.
982 3459 1139 3541 (sterling)
1171 3462 1263 3534 Hem,
1298 3459 1394 3536 quid?
1475 3533 1476 3552 Χ

518 3559 720 3622 Bocchidem?
1364 3581 1394 3628 70
