2988 3942
466 201 545 250 HEA
553 202 578 252 V
579 199 659 250 TON
681 199 969 251 TIMORVMENOS.
1238 196 1342 264 [ιω.

510 383 609 442 Sem
631 401 646 440 2
670 381 764 462 (Part
780 379 922 459 Second).

89 513 175 562 Snnus
186 511 284 564 advises
294 512 425 564 Ctlnlrlm
435 517 463 562 to
474 511 520 562 ask
532 512 554 562 il
566 512 600 562 he
611 512 633 562 is
644 512 720 576 really
732 512 775 561 the
787 527 834 562 son
846 511 876 561 os
884 511 1015 560 Cnnnltes
1027 512 1078 562 and
1090 511 1232 561 somnne.
1265 509 1343 559 Their

132 597 242 645 conduct
261 611 342 645 seems
359 602 403 645 too
422 595 566 655 unnatnrnh
591 595 613 644 if
629 594 662 645 he
682 595 759 658 really
777 595 799 644 is
817 594 883 644 their
902 609 957 654 son,
977 594 1010 643 he
1029 593 1080 642 will
1099 593 1179 643 excite
1197 593 1263 643 their
1281 593 1342 658 pity.
1378 603 1382 618 ³

132 677 218 728 Snus
229 677 331 728 himself
344 677 417 728 takes
427 677 513 742 refuge
524 677 585 728 with
598 678 780 728 Mennnrrnue

466 788 635 850 Currpno
845 786 959 848 Srnvs

435 873 655 920 reverescens
837 875 962 918 servos

179 980 227 1039 St.
248 969 353 1040 Abiit?
371 979 440 1053 uah,
461 981 579 1055 roglsse
599 979 717 1052 uellem,
759 979 812 1038 Cn.
834 977 937 1052 Quld?
976 978 1024 1038 Sv.
1045 978 1125 1040 unde
1146 979 1187 1038 mi
1207 980 1343 1055 peterem

469 1077 587 1136 cibum:
1315 1102 1342 1150 25

250 1159 298 1233 lta
311 1192 365 1234 nos
379 1173 526 1232 alienauit.
568 1173 623 1234 tibi
636 1173 695 1232 iam
709 1190 774 1232 esse
788 1172 827 1232 ed
842 1191 973 1233 sororem
988 1173 1136 1250 intellego.

88 1271 148 1331 980
179 1271 232 1332 Cr„
248 1272 355 1331 Adeen
368 1289 431 1330 rem
446 1269 577 1342 rediisse,
593 1273 625 1330 tt
639 1270 782 1347 periclum
797 1270 886 1329 etiam
900 1272 918 1329 e
932 1271 1009 1330 lame
1025 1271 1096 1328 mihi
1110 1274 1156 1344 slt,
1170 1273 1241 1347 Syre
1255 1275 1261 1330 l

115 1369 118 1376 ’
179 1370 226 1428 Sr.
248 1368 344 1428 Modo
364 1368 452 1428 liceat
471 1368 582 1441 uiuere,
599 1371 645 1428 est
665 1387 733 1445 spes
773 1369 825 1428 C1.
846 1367 988 1446 (eagerly)
1008 1369 1116 1442 Quae?
1155 1367 1202 1428 ὃν.
1222 1367 1342 1448 (serug-

465 1467 537 1541 ging
548 1467 595 1526 leis
608 1465 777 1543 shoulders)
795 1485 850 1524 nos
864 1465 1022 1525 esun'tures
1037 1465 1114 1524 satis.

180 1562 600 1641 Cn.(impaticntly)1nrldes
624 1563 655 1621 in
679 1581 711 1621 re
735 1565 818 1622 tenta
840 1580 937 1638 neque
962 1580 1011 1622 me
1034 1562 1159 1622 consilio
1182 1563 1343 1638 quicquam

470 1660 611 1720 ediunasl

180 1758 228 1817 Sr.
251 1759 349 1817 Immo
371 1761 401 1816 et
424 1758 465 1817 ibi
486 1776 565 1816 nunc
588 1777 652 1817 sum
675 1767 705 1816 et
726 1761 821 1833 nsque
845 1758 876 1818 id
901 1759 948 1835 egi
972 1757 1095 1831 drldum,
1118 1757 1190 1817 dum
1215 1758 1344 1833 loquittrr

471 1865 574 1930 palen
1315 1883 1344 1928 30

251 1954 291 2012 Et
314 1955 456 2028 quentum
481 1971 538 2030 ego
562 1954 731 2030 intellegere
755 1971 885 2029 possum,
926 1953 978 2013 Cn
1005 1953 1216 2031 (r'mpaticntly)
1243 1952 1346 2028 Quid?

471 2052 518 2110 Sv.
539 2070 601 2110 non
614 2051 708 2111 aberit
721 2051 845 2127 longius.

90 2145 150 2205 985
180 2147 233 2206 Cr„
252 2146 396 2224 (eugerly)
414 2147 496 2222 Quid
513 2147 578 2227 [id]
597 2150 690 2225 ergo?
729 2150 776 2207 Sv.
798 2149 846 2208 Sic
859 2157 922 2207 est:
944 2152 1005 2207 nen
1019 2167 1084 2207 esse
1103 2148 1208 2207 horum
1222 2157 1253 2207 te
1267 2147 1344 2208 erbi-

470 2254 539 2304 tror.
581 2247 634 2305 CL.
654 2245 810 2324 (sterling)
830 2245 911 2320 Quid
925 2245 1010 2318 istlrc,
1024 2247 1117 2322 Syre?

250 2342 331 2401 Satin
352 2345 438 2401 senus
459 2345 512 2402 es?
553 2345 600 2402 Sv.
623 2345 689 2420 Ego
702 2343 811 2415 dlcam,
825 2341 908 2418 quod
922 2343 964 2400 mi
978 2343 1008 2401 in
1023 2346 1199 2402 mentemst:
1222 2353 1254 2402 tu
1267 2341 1343 2402 diln-

471 2440 547 2500 dica.

252 2539 332 2596 Dum
347 2537 408 2596 istls
422 2538 501 2596 fuisti
515 2539 603 2611 selus,
620 2538 692 2597 dum
706 2539 786 2597 nulla
800 2538 856 2597 elia
869 2538 1039 2612 delectem,

253 2635 338 2708 Quae
352 2635 473 2710 prepior
488 2646 574 2709 esset,
589 2645 619 2694 te
634 2636 835 2712 indulgebant,
850 2635 904 2695 tibi
917 2634 1048 2710 dabant3
1070 2654 1149 2694 nunc
1164 2635 1227 2695 fllia
1316 2662 1343 2710 35

251 2732 438 2807 Postquemst
453 2732 573 2791 inuenta
587 2736 665 2806 uera,
680 2734 828 2792 inuentast
842 2736 931 2791 cansa
944 2751 1003 2808 qua
1016 2742 1047 2791 te
1062 2734 1251 2808 expellerent.

90 2826 149 2886 990
181 2827 234 2887 CL.
253 2828 475 2908 (thoughffully)
495 2831 549 2889 Est
568 2831 631 2888 ueri
653 2831 756 2890 simile.
798 2831 845 2890 Sr.
866 2832 914 2889 An
927 2839 959 2889 ln
973 2831 1014 2890 eb
1030 2839 1188 2906 peccatum
1205 2830 1263 2890 hoc
1278 2834 1344 2889 esse

471 2927 552 2985 illum
573 2927 678 2987 iratlrm
699 2929 806 3005 putas?

180 3022 234 3081 Cr..
256 3024 327 3082 Non
340 3024 473 3084 erbitror.
514 3026 562 3086 ὃν.
585 3026 674 3083 Nunc
688 3025 767 3084 eliud
782 3035 902 3102 specta:
925 3029 1034 3086 matres
1048 3045 1152 3086 omnes
1167 3026 1236 3086 llliis

251 3121 288 3179 In
301 3123 428 3197 peccato
442 3121 609 3196 adiutrlces,
624 3123 730 3181 auxilio
745 3126 775 3181 ln
789 3133 912 3199 patema
925 3124 1030 3183 inilnia

250 3218 351 3278 Solent
373 3221 455 3278 esse:
485 3219 517 3278 id
538 3238 599 3280 non
620 3221 663 3280 fit.
705 3221 759 3281 CL.
780 3219 893 3300 (sadly)
913 3221 1023 3280 Verum
1049 3221 1133 3282 dicis.
1175 3221 1247 3298 quld
1272 3241 1344 3299 ergo

469 3335 549 3376 nunc
563 3318 680 3392 faciem,
694 3319 786 3394 Syre?
1315 3347 1345 3391 40

179 3411 227 3472 Sl.
248 3412 453 3489 Susplcionem
467 3414 560 3473 istene
576 3434 612 3474 ex
625 3415 681 3474 illis
695 3418 813 3491 quaere,
829 3434 892 3474 rem
906 3418 1006 3492 profer
1019 3418 1125 3494 palam.

88 3505 150 3568 995
250 3509 280 3569 Si
293 3513 355 3569 nen
369 3519 414 3569 est
427 3528 540 3585 uerum,
555 3511 594 3571 ad
609 3512 842 3572 misericordiam
857 3514 961 3573 embos
975 3512 1107 3573 adduces
1121 3515 1201 3589 cit0;
