2988 3942
89 230 190 298 i.2.35.]
468 229 548 278 HEA
556 227 581 278 V
581 226 661 277 roN
684 227 804 276 TIMOR
812 227 971 278 VMENOS.
1314 225 1346 280 15

253 411 295 470 Vt
308 409 386 470 hanc
399 406 541 468 laetitiam
555 407 746 485 necopinanti
759 411 870 484 primus
884 405 1036 468 obicerem
1050 411 1079 468 ei
1091 407 1195 468 domi!
1270 473 1271 476 ,

254 498 355 585 Atque
367 506 456 566 etiam
467 524 546 564 nunc
555 508 673 582 tempus
684 515 737 564 est.
764 506 879 584 (Starts
890 513 917 564 to
924 524 962 581 go
973 514 1002 565 to
1013 507 1233 566 Muuanmrus's
1242 505 1340 584 door.)

474 604 528 663 CL.
546 603 804 682 (detaininghim)
824 603 906 662 Caue
918 603 1008 662 fixis:
1031 621 1092 662 non
1101 621 1175 679 opus
1186 605 1240 680 est,
1251 613 1346 679 pater.

173 705 231 765 Cn.
252 702 463 779 Qmprdpter?
503 700 556 761 Ca.
580 700 659 775 Quia
680 701 760 760 enim
782 701 955 760 incertumst
977 701 1077 774 etiam,
1100 700 1172 777 quid
1194 720 1226 762 se
1248 701 1345 761 faciat.

474 799 567 859 mddo
581 798 683 876 uenit3

92 925 118 972 15
253 898 354 957 Timet
368 897 478 970 omnia,
492 896 583 972 patris
597 899 669 956 iram
685 904 715 954 et
728 895 860 954 animum
875 898 986 955 amicae
1001 915 1033 956 se
1047 915 1116 973 erga
1129 906 1162 956 ut
1175 900 1212 956 sit
1225 915 1305 978 suae,

254 997 331 1054 Eam
347 997 452 1054 misere
469 1003 568 1067 amat3
590 995 713 1069 propter
729 1011 796 1052 eam
813 993 887 1052 haec
909 993 995 1054 turba
1014 1003 1102 1070 atque
1124 995 1215 1054 abitio
1236 998 1345 1054 euenit.

472 1092 531 1152 Cu.
545 1091 623 1152 Scio.
1286 1091 1345 1151 190

172 1192 228 1253 Cr„
252 1192 342 1250 Nunc
366 1189 515 1250 seruolum
539 1189 578 1248 ad
603 1207 669 1248 earn
692 1188 724 1247 in
747 1188 852 1248 urbem
877 1188 964 1262 misit,
989 1190 1020 1248 et
1044 1207 1101 1265 ego
1128 1198 1260 1250 nostrum
1287 1191 1346 1248 uni

474 1288 588 1364 Syrum.

172 1388 233 1448 Cir.
252 1383 334 1462 Quid
352 1385 470 1444 narrat?
510 1384 563 1445 Cu.
584 1384 666 1459 Quid
683 1385 752 1443 ille?
772 1387 803 1444 se
821 1385 960 1443 miserum
978 1402 1053 1443 esse.
1094 1383 1154 1444 Cir.
1175 1384 1344 1463 (contempt-

474 1480 591 1558 uously)
617 1483 781 1541 MIserurn?
800 1500 890 1558 quem
906 1483 1002 1541 minus
1017 1481 1175 1540 crederes?

255 1580 336 1656 Quid
349 1580 478 1640 relicuist
488 1581 560 1655 quin
574 1579 691 1651 habeat,
700 1597 778 1655 quae
788 1579 911 1655 quidem
925 1579 956 1638 in
967 1579 1087 1638 hdmine
1098 1578 1237 1637 dicuntur
1247 1580 1347 1639 bona?

90 1708 119 1740 20
256 1678 396 1750 Parentis,
410 1678 535 1754 patriam
550 1677 739 1749 inediumem‚
754 1677 875 1749 amicos,
890 1678 991 1752 genus,
1006 1686 1158 1752 cognatos,
1173 1675 1268 1736 ditias.

253 1778 350 1852 Atque
364 1775 439 1834 haec
453 1775 576 1851 perinde
592 1779 660 1834 sirnt
672 1784 706 1832 ut
718 1775 794 1834 illius
807 1776 936 1833 animust
950 1774 1001 1849 qui
1015 1793 1051 1833 ea
1065 1775 1215 1850 possidet:
1287 1773 1346 1834 195

253 1874 315 1948 Qui
327 1875 370 1932 uti
383 1873 448 1945 scit,
463 1872 491 1931 ei
504 1873 603 1946 bona3
624 1873 673 1945 illi,
688 1873 740 1947 qui
753 1890 815 1931 non
828 1873 919 1930 utitur
932 1874 1022 1944 recte,
1038 1873 1122 1932 mala.

172 1972 225 2032 Cr„
252 1973 352 2031 Immo
365 1971 413 2029 ssle
428 1969 482 2028 fuit
495 1987 586 2028 senex
600 1972 772 2045 inportunus
786 1971 913 2045 semper,
928 1979 959 2028 et
972 1988 1052 2028 nunc
1065 1970 1106 2027 nil
1120 1971 1212 2045 magis

253 2071 366 2128 Veredr
379 2085 470 2144 quarn
484 2085 522 2126 ne
536 2066 609 2143 quid
623 2071 654 2126 in
668 2067 749 2124 illum
764 2067 853 2124 iratus
868 2067 934 2142 plns
948 2068 1018 2126 satis
1033 2067 1113 2139 faxit,
1128 2078 1222 2142 pater.

89 2194 118 2242 ²5
174 2167 234 2227 Cu.
253 2166 389 2226 Illicine?
433 2163 547 2244 (aselle)
573 2163 627 2224 sed
651 2164 809 2241 reprimam
828 2183 877 2222 me
888 2185 897 2237 ;
926 2182 996 2223 nam
1020 2164 1051 2223 in
1075 2174 1157 2224 metu
1181 2167 1244 2222 esse
1267 2165 1347 2224 hunc

473 2263 541 2322 iliist
555 2262 635 2321 utile.

173 2362 226 2422 C1„
253 2361 569 2442 (notunderstanding
579 2360 723 2419 whathis
733 2359 844 2434 father
857 2360 939 2437 says)
959 2359 1040 2435 Quid
1061 2363 1124 2418 tute
1146 2362 1266 2419 tecum?
1287 2361 1345 2420 Cir.

474 2459 599 2516 Dicam:
621 2467 701 2517 utut
715 2467 786 2531 erat,
802 2460 936 2516 mansum
950 2467 1051 2517 tamen
1064 2458 1204 2534 opdrtuit.
1285 2457 1346 2515 200

253 2558 390 2617 Fortasse
404 2556 586 2631 aliquantum
600 2554 727 2630 iniquior
741 2564 804 2613 erat
817 2557 936 2630 praeter
949 2555 1012 2614 eius
1025 2555 1188 2614 lubidinem
1201 2578 1207 2614 ι

253 2657 424 2728 Pateretur3
445 2672 515 2711 nam
528 2670 618 2728 quem
632 2653 729 2726 ferret,
744 2653 768 2712 si
783 2655 936 2727 parentem
950 2671 1011 2711 non
1025 2652 1113 2710 ferret
1127 2655 1233 2712 suom?

253 2753 394 2810 Huncine
409 2759 471 2809 erat
485 2768 613 2826 aequom
628 2767 665 2808 ex
679 2750 754 2808 illius
769 2767 852 2809 more
867 2768 905 2808 an
920 2748 1002 2808 ilium
1017 2768 1054 2808 ex
1068 2749 1152 2808 huius
1166 2752 1286 2809 uiuere?

257 2851 297 2908 Et
318 2847 402 2926 qudd
425 2847 507 2907 illum
535 2847 683 2906 insimulat
710 2846 826 2921 durum,
851 2846 883 2906 id
909 2865 970 2906 non
999 2856 1062 2920 est;
1093 2849 1163 2905 nam
1190 2857 1345 2922 parentum

319 2995 323 3002 .
472 2945 594 3004 iniuriae

252 3044 345 3103 Vnius
359 3041 442 3103 modi
456 3052 524 3102 sunt
539 3043 640 3115 ferme,
654 3043 744 3118 paulo
757 3043 809 3118 qui
822 3046 868 3102 est
881 3042 972 3102 homo
987 3042 1163 3102 tolerabilis:
1285 3042 1345 3101 205

254 3141 382 3200 Scortari
395 3140 500 3200 crebro
513 3141 627 3212 ndlunt,
641 3140 746 3199 nolunt
759 3140 864 3199 crebro
878 3141 1071 3213 conuiudrien

253 3238 401 3298 Praebent
416 3237 521 3315 exigue
538 3240 689 3313 sumptum
699 3258 709 3311 ;
730 3247 821 3313 atque
842 3237 917 3296 hacc
937 3247 1005 3296 sunt
1025 3240 1126 3296 tamen
1147 3235 1186 3296 ad
1206 3237 1345 3296 uirtutem

475 3335 585 3395 dmnia.

252 3434 365 3493 Verum
378 3433 494 3492 initum
507 3433 559 3493 ubi
574 3433 666 3492 semel
680 3451 712 3492 se
726 3432 891 3509 cupiditate
905 3432 1039 3492 deuinxit
1053 3433 1139 3506 mala,

252 3531 421 3603 Necessest,
436 3530 577 3607 Clitiphd,
586 3520 714 3590 'consilia
727 3531 871 3605 cdnsequi
885 3530 1056 3589 consimilia
