2988 3942
540 209 618 259 HEA
627 211 652 261 V
651 210 677 260 Τ
678 211 731 262 ΟΝ
754 211 875 260 TIMOR
882 212 1040 260 VMENOS.

243 391 291 450 Sr.
323 391 494 466 Numquam
508 389 695 451 commodius
710 394 850 467 umquam
865 411 948 452 erum
959 392 1062 452 audiui
1072 392 1208 504 16<qu

161 486 221 546 560
323 489 390 546 Nec
404 492 496 563 quom
510 488 699 548 malefacere
715 488 869 548 crederem
883 508 924 548 mr
916 489 1077 566 ffinpunin
1128 543 1139 558 .,

323 585 436 645 Licere.
482 585 615 664 (lookrng
637 588 768 644 towards
792 587 965 646 Cunuum’s
987 586 1075 666 door)
1101 587 1167 662 quis
1194 604 1264 646 nam
1288 605 1307 646 a
1329 559 1419 648 no'bis

523 681 674 759 egreditur
687 683 785 743 toras?
966 699 975 712 ·
1391 712 1419 760 5⁰

714 883 871 960 Serum

160 1025 261 1084 Enter
280 1025 428 1084 Cunnum
441 1025 528 1101 srom
550 1027 597 1085 liis
617 1027 716 1099 house,
734 1026 807 1085 wtth
829 1027 982 1086 Cunnum.
1023 1027 1107 1084 He
1093 1045 1119 1086 ts
1139 1027 1172 1085 in
1193 1045 1213 1085 a
1229 1035 1320 1103 great
1337 1046 1416 1102 roge.

524 1124 601 1199 They
621 1126 658 1182 do
679 1133 732 1181 not
748 1143 793 1182 see
813 1125 906 1182 Surus
926 1132 962 1182 at
969 1122 1051 1199 first.

162 1253 293 1302 CHREMES
307 1251 354 1302 has
366 1251 446 1302 found
462 1253 502 1302 his
518 1268 565 1302 son
582 1253 670 1316 taking
686 1253 797 1302 liberties
808 1254 869 1303 with
881 1229 1006 1312 Rhoetus,
1019 1252 1137 1302 Cutnth’s
1148 1252 1265 1310 mistress,
1278 1267 1306 1300 as
1317 1252 1361 1300 the
1374 1252 1417 1300 old

205 1351 265 1384 man
278 1335 389 1384 believes
400 1335 445 1383 her
459 1342 485 1384 to
499 1335 540 1394 be,
552 1337 603 1385 and
616 1335 687 1384 takes
702 1335 755 1384 him
768 1342 794 1384 to
810 1336 867 1384 task
883 1335 1000 1398 severely.
1034 1335 1165 1384 CL1T11³rto
1182 1333 1289 1383 defends
1306 1333 1416 1393 himself,

205 1417 268 1466 but'
261 1433 288 1466 m
299 1417 361 1466 such
373 1433 453 1480 away
465 1418 519 1466 that
532 1417 617 1466 Surus
629 1417 693 1466 sears
704 1417 737 1466 he
749 1417 798 1466 will
809 1418 896 1481 betray
908 1417 1060 1481 everything.
1096 1417 1181 1466 Sinus
1198 1415 1325 1464 therefore
1343 1430 1417 1478 urges

206 1501 260 1548 that
272 1500 403 1548 CL1T1PHO
414 1500 447 1548 be
458 1506 514 1548 sent
526 1515 595 1562 away
606 1500 767 1549 somewhere.
796 1501 880 1550 When
892 1500 1041 1549 Cumrrto'
1034 1516 1055 1548 rs
1066 1515 1142 1563 gone,
1154 1499 1240 1548 Stltus
1252 1497 1366 1562 explains
1376 1498 1417 1548 his

205 1581 265 1646 plan
277 1580 315 1630 for
328 1582 445 1644 cheating
458 1583 640 1630 Munuouuus.
676 1582 808 1631 CHREMES
820 1584 882 1631 does
893 1588 939 1631 not
950 1582 1023 1631 think
1036 1583 1079 1631 the
1091 1577 1169 1646 plan
1163 1596 1178 1630 a
1189 1581 1258 1644 good
1269 1595 1328 1630 one.

389 1718 570 1777 Curemus
731 1713 914 1772 Currrruo
1075 1709 1188 1768 Sunvs

438 1808 522 1845 SENEX
735 1803 905 1840 ADVLESCENS
1084 1800 1181 1838 SERVOS

162 1936 234 2007 III3
249 1934 307 1993 Cn.
327 1927 541 2010 (tndtgnantly)
568 1929 647 2003 Quid
672 1928 747 1986 istuc
771 1925 904 2001 quaeso?
930 1927 981 2000 qut
1005 1922 1070 1981 istic
1094 1940 1159 1980 mos
1184 1930 1237 1993 est,
1263 1921 1417 1997 Clitipho?

542 2027 621 2085 itane
637 2025 701 2084 lieri
715 2024 854 2100 oportet?

249 2130 302 2188 Cu.
326 2127 460 2207 (lamely)
488 2124 590 2200 Quid
593 2142 649 2199 ego
674 2122 752 2181 ieci?
739 2121 854 2180 ?.Crr
875 2118 967 2177 Vidin
991 2136 1047 2216 ego
1069 2081 1099 2176 te
1124 2115 1216 2175 mddo
1240 2134 1362 2174 manum
1386 2117 1417 2175 in

543 2221 639 2280 sinum
654 2220 721 2278 huic
737 2218 884 2276 meretrici

324 2307 484 2398 ingerere?
524 2320 571 2378 Su.
599 2316 710 2397 (aride)
736 2318 812 2374 Acta
837 2302 911 2373 haec
936 2315 982 2372 res
1007 2321 1069 2371 est:
1099 2311 1182 2386 perii.
1224 2312 1279 2371 Cu.
1305 2313 1418 2372 Mene?

545 2416 603 2477 Cn.
625 2415 719 2474 Hisce
734 2413 835 2484 oculis,
850 2415 888 2470 ne
903 2429 988 2487 nega.

323 2517 408 2576 Facis
422 2517 499 2576 adeo
514 2514 634 2590 indigne
649 2512 784 2572 iniuriam
798 2510 848 2600 illi,
863 2512 989 2585 quinon
1003 2507 1151 2567 abstineas
1165 2524 1295 2566 manum.

324 2617 403 2674 Nam
417 2614 510 2672 istaec
524 2611 645 2688 quidem
660 2607 876 2681 contumeliast,
1405 2631 1417 2680 5
1485 2683 1486 2690 ¹

325 2712 491 2770 Hominem
504 2709 633 2768 amicum
647 2707 779 2784 recipere
794 2705 834 2765 ad
846 2714 877 2763 te
891 2713 980 2779 atque
996 2705 1057 2761 eius
1071 2691 1199 2760 amicam
1214 2700 1382 2778 subigitare.

322 2809 379 2867 Vel
402 2807 466 2867 heri
485 2805 517 2866 in
536 2805 608 2865 uino
629 2823 718 2882 quam
739 2802 921 2863 inmodestus
942 2799 1031 2874 suisti,
1073 2801 1121 2860 Su.
1147 2798 1261 2877 (ascire)
1281 2800 1417 2860 Factum.

546 2905 604 2963 cn.
625 2905 715 2979 quam
729 2900 889 2959 molestus!

324 2989 364 3063 Vt
378 3003 527 3079 equidem,
543 3001 584 3060 ita
598 3019 646 3060 me
661 2999 691 3069 dl
705 3007 814 3072 ament,
830 2996 931 3070 metui,
945 2996 1017 3073 quid
1032 2995 1161 3054 futurum
1175 2993 1305 3068 denique
1320 2997 1416 3053 esset!

136 3135 137 3138 ¹
163 3102 203 3163 57
204 3103 223 3162 0
325 3103 354 3161 N
356 3102 405 3160 oui
421 3119 476 3178 ego
491 3099 633 3158 amantis:
656 3097 786 3156 animum
800 3095 960 3154 aduortrmt
974 3093 1103 3170 grauiter
1116 3109 1192 3168 quae
1209 3109 1271 3150 non
1284 3093 1415 3150 censeas.

252 3201 302 3260 Cu
324 3202 362 3258 At
377 3199 448 3257 mihi
461 3197 535 3257 fides
550 3195 631 3272 apud
645 3194 724 3256 hunc
738 3204 792 3267 est,
806 3193 847 3252 nil
862 3210 910 3252 me
924 3191 1006 3251 istius
1020 3191 1174 3263 facturum,
1189 3197 1283 3264 pater.
1391 3215 1416 3247 ιο

252 3297 310 3357 Cu.
325 3281 408 3368 Esto,
422 3304 452 3354 at
466 3303 547 3353 certe
560 3303 593 3352 ut
607 3294 675 3351 hinc
690 3289 839 3352 concedas
853 3289 951 3366 tliquo
966 3288 1004 3347 ab
1018 3306 1069 3347 ore
1080 3305 1182 3347 eorum
1197 3285 1415 3363 aliquantisper.

326 3392 422 3451 Multa
436 3392 492 3451 fert
505 3389 625 3450 lubido:
649 3407 685 3448 ea
699 3389 796 3448 iacere
804 3371 951 3463 ,prohibet
962 3394 1013 3443 tua
1025 3381 1199 3459 praesentia„

326 3490 373 3547 De
388 3506 436 3548 me
452 3487 528 3548 facio
542 3487 762 3546 coniecturam:
784 3486 901 3543 nemost
916 3500 1050 3541 meorum
1064 3483 1226 3539 amicorum
1241 3478 1343 3553 hodie,
