2988 3942
526 213 604 262 HEA
613 212 718 263 VTON
740 212 1026 263 TIMORVMENOS.
1370 212 1401 264 53

472 393 526 454 CL.
552 377 637 454 itane
652 391 774 453 tandem
788 395 908 467 quaeso,
924 391 1128 474 Menedeme?
1147 395 1180 452 ut
1193 401 1278 470 pater

309 491 385 549 Tam
398 493 429 550 in
443 490 527 551 breui
541 490 637 568 spatio
651 493 772 550 emnem
786 488 825 549 de
839 508 888 550 me
903 491 1024 550 eiecerit
1036 491 1168 550 animum
1182 492 1294 568 patris?
1341 491 1401 552 955

310 586 402 662 Qudd
416 605 485 646 narn
500 587 686 647 obiectum?
705 584 777 663 quid
792 605 849 664 ego
863 597 977 647 tentum
992 587 1109 648 sceleris
1124 587 1230 648 admisi
1243 589 1352 650 miseri

309 685 407 762 lego
421 685 540 744 iaciunt.
582 686 645 744 ΜΕ.
667 685 735 744 Scio
749 684 802 744 tibi
816 703 880 744 esse
894 685 952 745 hoc
967 685 1084 762 grauius
1097 686 1191 745 multo
1205 685 1363 760 aessddrius,

311 782 391 857 Quoi
405 782 457 856 fit3
479 800 582 842 uerum
597 799 655 859 ego
668 781 748 842 haud
763 783 859 841 minus
873 801 960 859 aegre
974 784 1080 862 pitior,
1095 783 1126 843 id
1141 783 1192 860 qui
1205 784 1307 844 nescio
1331 834 1332 838 ,

310 881 376 940 Nec
390 881 535 939 rationem
548 879 645 956 cipio,
660 879 716 938 nisi
729 879 811 955 quod
825 880 878 940 tibi
892 881 969 941 bene
984 899 1021 940 ex
1035 882 1133 942 anime
1147 882 1226 942 uolo.

230 978 283 1038 ec.
308 978 369 1036 Hic
388 986 503 1054 patrem
520 995 583 1037 esse
601 977 709 1038 aiebas.
755 979 817 1040 Mu.
835 978 1002 1057 (pointing)
1022 980 1145 1039 Eccum.
1190 978 1402 1057 (Muuunmrus

527 1095 595 1152 goes
614 1077 676 1135 into
697 1076 745 1135 tis
764 1073 878 1154 house.)
924 1076 983 1138 Cir.
1005 1074 1228 1155 (impressively)
1251 1075 1331 1151 Quid
1352 1095 1400 1134 me

531 1173 656 1247 incusas,
670 1173 823 1249 Clitipho?
1342 1173 1402 1232 960

311 1268 465 1346 Quidquid
479 1289 536 1348 ego
551 1271 635 1330 huius
651 1271 717 1346 reci,
732 1271 785 1331 tibi
799 1270 937 1348 prospexi
952 1280 982 1331 et
996 1271 1133 1330 stultitiae
1148 1282 1223 1330 tuae.

309 1352 368 1428 Vbi
382 1378 412 1428 te
426 1367 488 1428 uidi
502 1369 602 1428 animo
618 1372 682 1428 esse
697 1369 807 1428 omisso
821 1378 851 1428 et
865 1368 966 1428 suiuia
979 1369 1009 1427 in
1023 1369 1188 1445 praesentia

313 1466 399 1541 Quae
413 1469 519 1540 essent,
535 1467 631 1544 prima
644 1467 753 1527 habere
768 1485 866 1542 neque
880 1466 1034 1526 consulere
1049 1467 1079 1525 in
1093 1466 1325 1542 longitudinem:

311 1564 389 1640 Cepi
404 1565 558 1639 rationem,
573 1568 606 1624 rit
620 1584 717 1642 neque
733 1582 835 1642 egeres
848 1566 946 1638 neque
960 1573 992 1623 ut
1006 1564 1080 1622 haec
1094 1581 1197 1642 posses
1211 1562 1346 1640 perdere,

310 1646 370 1721 Vbi
382 1663 453 1738 quoi
467 1661 568 1722 decuit
583 1667 688 1738 prime,
704 1663 757 1722 tibi
771 1681 832 1720 non
846 1661 927 1720 licuit
941 1678 995 1737 per
1009 1671 1039 1720 te
1054 1661 1125 1719 mihi
1140 1661 1220 1734 dure,
1342 1658 1401 1718 965

311 1749 383 1819 libii
396 1759 436 1820 ad
450 1764 626 1838 proxumum
643 1760 696 1821 tibi
709 1759 760 1835 qui
775 1769 855 1818 erat:
878 1762 906 1818 ei
920 1758 1055 1818 commisi
1070 1767 1100 1817 et
1114 1757 1237 1817 credidi.

313 1841 360 1917 ibi
374 1867 442 1917 tuae
455 1851 592 1917 stultitiae
608 1875 725 1933 semper
738 1857 793 1916 erit
807 1856 995 1932 praesidium,
1008 1856 1150 1932 Clitipho,

153 1979 178 2029 ις
312 1955 425 2029 Victus,
440 1953 572 2029 uestitus,
588 1974 648 2032 quo
661 1955 692 2014 in
705 1963 818 2014 tectum
832 1956 861 2012 te
877 1964 1021 2030 receptes.
1063 1953 1117 2013 CL.
1139 1954 1176 2011 Ei
1190 1953 1281 2012 mihil

232 2053 290 2112 Cir.
311 2053 405 2112 Setius
420 2063 464 2112 est
479 2071 568 2128 quam
584 2063 613 2112 te
628 2056 693 2128 ipso
707 2050 816 2111 herede
831 2051 905 2110 haec
920 2049 1071 2126 pdssidere
1086 2049 1278 2110 Bicchidem.

232 2151 280 2209 Sr.
315 2148 428 2228 (aride)
448 2150 594 2226 Disperii:
617 2151 756 2210 scelestus
771 2158 894 2224 quantas
908 2149 1007 2208 turbas
1021 2147 1139 2206 conciui
1153 2148 1298 2212 insciens!
1343 2147 1402 2207 970

232 2247 286 2306 CL.
315 2247 541 2327 (despairingly)
567 2233 670 2306 Emori
694 2246 792 2321 cupid.
834 2246 892 2304 CH.
919 2244 1040 2324 (coldly)
1070 2245 1151 2304 Prius
1175 2263 1286 2320 quaeso
1311 2245 1402 2317 disce,

533 2344 605 2420 quid
619 2345 656 2403 sit
670 2347 780 2404 uiuere.
1148 2331 1150 2337 ¹

311 2426 370 2502 Vbi
384 2443 469 2516 scies,
484 2441 509 2501 si
522 2441 689 2516 displicebit
703 2446 772 2515 uita,
787 2451 850 2501 tum
864 2440 939 2500 istoc
953 2442 1051 2500 utitor.

153 2565 181 2597 20
235 2541 282 2599 sv.
319 2538 450 2617 (comrng
458 2537 624 2618 firmare)
650 2524 719 2613 tre,
741 2539 869 2598 licetne?
913 2540 971 2598 cn.
997 2536 1137 2618 (shortly)
1164 2539 1309 2613 Liquere.
1354 2538 1402 2596 sv.

533 2639 573 2696 At
593 2646 667 2698 tute.
709 2637 767 2697 CH.
793 2636 931 2715 (sternly)
958 2637 1103 2711 quuere.
1145 2637 1192 2695 Su.
1215 2635 1300 2709 Quae
1321 2635 1403 2693 istast

533 2734 661 2811 priuitas

314 2831 437 2906 Quaene
472 2832 637 2904 amentiist,
665 2830 747 2907 quod
782 2831 904 2907 peccaui
933 2833 999 2907 ego,
1024 2830 1054 2889 id
1080 2831 1185 2890 obesse
1211 2830 1301 2888 huic?
1344 2830 1402 2888 Crr.

539 2928 780 3008 (threatem'ngly)
800 2914 894 2987 ilicet.

314 3027 362 3084 Ne
376 3035 405 3086 te
420 3025 569 3086 admisce:
592 3028 682 3086 nemo
696 3035 824 3098 accusat,
839 3027 919 3100 Syre,
935 3034 964 3084 te
976 3048 983 3083 ε
1005 3043 1062 3084 nec
1076 3028 1202 3084 tuatim
1217 3025 1271 3084 tibi
1344 3023 1403 3083 975

314 3124 381 3181 Nec
407 3125 593 3199 precatorem
620 3123 737 3198 pararis.
789 3123 837 3182 Su.
865 3122 947 3197 Quid
974 3123 1057 3198 agis?
1105 3123 1163 3183 cn.
1196 3121 1349 3200 (pointing
1375 3129 1403 3179 to

533 3220 677 3279 Ccmmrro
697 3222 764 3278 and
780 3219 888 3298 Surus)
914 3219 965 3278 Nil
980 3222 1138 3279 suscenseo

314 3319 380 3377 Nec
394 3318 449 3377 tibi
462 3336 518 3377 nec
533 3317 605 3392 tibi;
629 3335 685 3376 nee
700 3336 753 3376 uos
768 3327 812 3377 est
825 3319 953 3392 aequom
967 3316 1048 3393 quod
1063 3316 1139 3376 iacit>
1154 3317 1235 3375 mihi.
1321 3333 1324 3339 ·

894 3415 1057 3492 (Curemus
1066 3433 1133 3490 gaes
1147 3415 1209 3473 into
1222 3415 1270 3473 Itis
1283 3413 1398 3490 house.)
