2988 3942
132 207 166 260 48
508 207 587 256 HEA
596 207 701 257 VTON
723 207 845 258 TIMOR
852 206 1012 260 VMENOS.
1277 207 1390 273 [iv432.

213 390 271 449 Cn.
294 389 351 449 Dic
365 389 437 464 quid
451 388 495 447 uis
509 387 636 447 faciam?
676 389 739 447 Mn.
761 387 905 448 Inuenisti
918 386 1008 448 hodie
1023 387 1123 448 tiliam.
1376 419 1387 467 5

212 488 272 547 Cn.
298 484 660 565 (smilingsarcastically)
679 484 760 561 Quid
781 487 865 545 tum?
905 486 969 545 Mn.
991 487 1082 544 Hanc
1102 503 1225 545 uxorem
1246 488 1302 548 sibi
1323 488 1388 549 dari

228 601 231 608 ·
514 583 576 642 uolt
590 582 695 643 Clinia.

211 683 272 743 Cn.
298 681 572 760 (contempmously)
599 681 719 756 Quaeso
741 679 814 758 quid
835 689 867 738 tu
887 679 1015 740 hominis
1036 683 1089 740 es?
1129 683 1192 742 Mn.
1219 683 1299 759 Quid
1322 687 1389 744 est?

513 779 571 839 Cn.
594 780 697 838 Iamne
712 777 819 838 oblitus
834 797 875 851 es,

292 879 374 938 Inter
386 895 441 936 nos
454 875 527 953 quid
542 877 578 935 sit
593 875 706 936 dictum
721 873 760 934 de
776 875 899 949 fallacia,

131 973 191 1034 850
290 977 330 1034 Vt
345 978 381 1034 ea
394 975 442 1033 uia
456 975 508 1035 abs
522 985 552 1033 te
567 977 720 1051 argentum
736 972 917 1034 auferretis?
957 975 1019 1033 Mn.
1042 975 1119 1035 Scio.

211 1072 270 1132 Cn.
292 1074 338 1131 Ea
352 1072 398 1133 res
411 1091 490 1130 nunc
504 1073 599 1148 agitur
612 1075 684 1148 lpsa.
728 1073 790 1130 Ma.
814 1063 895 1146 'Quid
910 1075 1023 1144 narras.
1034 1073 1199 1132 Chremes?

294 1171 392 1229 Immo
405 1170 481 1228 haec
493 1168 616 1244 quidem
629 1187 707 1245 quae
720 1167 801 1245 aphd
817 1188 864 1228 me
878 1180 933 1242 est,
948 1169 1126 1246 Clitiphhnis
1140 1179 1185 1230 est

291 1269 414 1326 Amica:
437 1268 478 1326 ita
491 1267 581 1326 aiunt.
623 1267 682 1328 Cn.
702 1267 871 1345 (laughing)
891 1253 931 1326 Et
945 1276 977 1326 tu
992 1266 1088 1328 credis
1102 1268 1211 1330 emnia.

292 1366 332 1423 Et
346 1364 426 1423 illum
439 1365 521 1424 aiunt
535 1365 610 1424 uelle
625 1367 757 1437 uxerem,
772 1374 805 1438 ut
819 1381 911 1439 quom
926 1364 1147 1441 desponderim

291 1463 354 1521 Des
368 1462 418 1538 qui
432 1465 536 1521 airum
550 1481 586 1520 ac
600 1472 714 1521 uestem
727 1472 816 1538 atque
831 1462 888 1521 elia
902 1479 978 1538 quae
993 1480 1068 1538 opus
1083 1472 1150 1522 sunt
1164 1466 1329 1539 comparet

291 1561 355 1618 Mn.
380 1558 603 1639 (thoughffully)
635 1560 673 1619 Id
700 1562 746 1619 est
773 1560 926 1635 profecto:
954 1559 987 1620 id
1013 1562 1126 1620 amicae
1154 1559 1280 1624 dabitur.
1323 1562 1383 1624 Cn.

514 1657 671 1735 (laughing
680 1655 820 1734 heartily)
839 1657 958 1718 Scilicet
1357 1686 1382 1733 15

291 1755 446 1813 Dathrum.
488 1756 551 1814 Mn.
571 1755 684 1833 (sadly)
703 1754 759 1827 Ah,
774 1756 879 1816 frustra
892 1773 958 1814 sum
971 1753 1058 1831 igitur
1071 1755 1188 1831 ganists
1202 1755 1299 1816 miser.

291 1850 417 1926 Quiduis
431 1861 531 1910 tamen
544 1851 603 1910 iam
618 1853 696 1912 malo
710 1870 799 1928 quam
812 1853 892 1912 hunc
905 1855 1049 1912 amittere.

292 1948 372 2024 Quid
386 1951 466 2008 nimc
480 1949 648 2010 renuntiem
662 1951 715 2010 abs
729 1961 759 2010 te
774 1953 957 2026 responshm,
972 1949 1125 2024 Chremes,

129 2044 189 2104 860
290 2047 337 2104 Ne
353 2047 459 2106 sentiat
473 2065 522 2106 me
536 2047 660 2107 sensisse
674 2056 764 2123 atque
778 2050 865 2124 aegre
880 2048 975 2107 serat?

211 2143 268 2202 Cn.
293 2143 501 2223 (impanently)
510 2146 628 2220 Aegre?
640 2145 764 2203 nimium
772 2145 821 2217 illi,
829 2143 1169 2222 Menedemeindulges.
1184 2147 1245 2205 Mn
1254 2146 1325 2206 Sine
1336 2169 1342 2206 ε
1353 2173 1381 2206 20

290 2241 493 2316 Inceptumst:
515 2242 626 2318 perfice
641 2242 700 2302 hoc
714 2243 755 2300 mi
769 2246 923 2318 perpetrm,
938 2242 1091 2303 Chremes.

210 2338 268 2397 Cn.
290 2337 349 2397 Dic
363 2338 547 2411 chnuenisse,
563 2341 657 2415 egisse
672 2349 701 2398 te
716 2338 755 2398 de
770 2339 889 2415 nhptiis.

209 2436 273 2495 Mn.
288 2436 404 2494 Dicam.
445 2435 517 2511 quid
532 2436 664 2495 deinde?
704 2437 762 2496 Cn.
785 2437 836 2495 Me
851 2437 996 2496 facturum
1010 2455 1074 2497 esse
1089 2438 1198 2511 (amnia,

128 2530 188 2591 865
289 2533 441 2592 Genert'rm
455 2534 571 2608 placere
582 2555 591 2608 3
613 2538 764 2609 postremo
779 2535 877 2606 etiam,
891 2537 916 2594 si
929 2534 1021 2607 uoles,

290 2631 478 2706 Desponsam
505 2648 625 2707 quoque
653 2648 717 2690 esse
745 2631 844 2691 dicito.
894 2633 958 2690 Ma.
990 2631 1166 2711 (delighted)
1199 2634 1265 2706 Em,
1294 2635 1369 2694 istuc

509 2729 670 2787 uhlueram.
1352 2758 1378 2806 25

209 2825 267 2885 Cn.
287 2826 385 2885 Tanto
399 2825 481 2884 hcius
496 2834 526 2883 te
541 2835 573 2884 ut
587 2829 692 2900 pescat
706 2835 736 2884 et
750 2835 791 2900 tu,
807 2824 838 2885 id
852 2825 935 2901 qued
949 2826 1042 2902 cupis,

289 2923 387 2997 Quam
401 2925 547 2982 ocissume
561 2933 593 2981 ut
607 2921 669 2983 des.
711 2923 774 2981 Mn.
796 2922 903 2998 Ctpio.
944 2923 1003 2982 Cn.
1025 2924 1073 2983 Ne
1088 2934 1119 2984 tu
1133 2924 1320 3000 propediem,

286 3021 327 3078 Vt
341 3019 427 3078 istim
441 3037 504 3078 rem
518 3018 618 3092 uide0,
633 3020 715 3078 istius
729 3019 948 3080 obsatumbere.

287 3116 346 3176 Sed
360 3116 434 3174 haec
449 3117 491 3175 uti
505 3127 582 3190 sunt,
598 3118 709 3176 cahtim
723 3126 753 3176 et
767 3117 907 3193 paulatim
922 3116 1016 3191 dabis,

287 3213 317 3273 Si
331 3214 433 3289 sapies.
478 3215 541 3273 Mn.
563 3215 693 3273 Faciam.
736 3215 792 3274 Cn.
814 3215 872 3274 Abi
886 3218 980 3274 intro:
1002 3214 1072 3274 uide
1086 3214 1158 3291 quid
1171 3217 1311 3292 pbstulet.
1351 3245 1380 3292 30

287 3311 354 3387 Ego
367 3309 450 3370 dhmi
464 3329 524 3385 ero,
539 3311 563 3370 si
577 3312 650 3387 quid
665 3314 713 3370 me
727 3313 818 3371 uoles.
861 3313 923 3371 Mn.
945 3314 1020 3372 Sane
1034 3313 1114 3372 uolo.

288 3408 366 3466 Nam
381 3409 410 3465 te
426 3408 568 3467 scientem
584 3409 699 3482 faciam,
713 3408 858 3484 quidquid
873 3413 971 3486 egero.

391 3505 604 3583 (Mmmmus
617 3507 684 3563 and
700 3506 848 3565 Cirnsmss
858 3527 895 3581 go
909 3508 971 3564 into
986 3506 1064 3566 their
1076 3509 1229 3584 respective
1241 3508 1373 3586 houses.)
