2988 3942
116 221 204 290 v.5.2.]
489 219 683 270 Hanvron
705 216 992 269 rrmormnnos.
1337 217 1369 270 5⁷

278 386 318 460 Et
351 419 425 460 caue
453 401 588 476 posthac,
613 404 637 459 si
665 418 713 460 me
740 418 832 473 amas,
855 417 997 475 umquam
1017 402 1099 468 istuc
1128 400 1253 460 uerbum
1278 417 1315 458 ex
1339 409 1369 459 te

498 497 627 557 at‘rdiam.

197 596 256 655 Cn.
282 593 420 674 (sternly)
439 580 480 654 Et
492 613 559 671 ege,
574 595 598 654 si
615 612 663 653 me
681 595 797 668 metuis,
811 612 908 654 mores
929 597 1002 653 caue
1024 595 1054 653 in
1075 603 1105 652 te
1126 612 1191 652 esse
1212 595 1282 654 istos
1303 596 1368 652 sen·

499 693 581 750 tiam.

118 818 145 848 10
200 792 253 851 Cn.
283 790 388 865 Quos?
428 789 486 849 Cn.
503 789 648 868 (angrily)
663 789 694 849 si
707 789 782 849 scire
795 792 849 862 uis,
860 806 918 865 ego
931 788 1049 848 dicam:
1071 791 1165 864 gerno,
1180 789 1267 862 iners,
1282 788 1368 860 fraus,

500 886 609 960 helluo,

280 985 394 1057 Ganeo,
409 983 576 1044 damn6sus
620 983 719 1057 crede,
734 992 764 1042 et
777 988 910 1044 nostrum
924 994 954 1042 te
969 1001 1033 1042 esse
1047 981 1172 1042 credito.

199 1082 253 1141 CL.
282 1084 354 1142 Non
374 1091 441 1141 sunt
466 1082 540 1140 haec
561 1081 690 1156 parentis
711 1081 800 1141 dicta.
842 1082 900 1141 CH.
926 1079 1156 1160 (passionately)
1183 1082 1263 1154 Non,
1285 1080 1309 1138 si
1333 1099 1371 1139 ex

498 1179 596 1255 capite
610 1181 648 1237 sis
663 1196 732 1238 meo
1292 1176 1371 1236 1035

279 1276 383 1349 Ninus,
398 1277 470 1335 item
483 1286 517 1335 ut
530 1277 613 1335 ainnt
627 1277 793 1334 Mineruam
808 1293 872 1334 esse
886 1278 924 1334 ex
938 1276 1021 1348 Ioue,
1036 1293 1072 1334 ea
1086 1278 1175 1334 causa
1189 1275 1282 1351 magis

184 1394 193 1407 ¹
280 1374 385 1447 Petiar,
401 1373 541 1450 Clitipho,
557 1373 672 1449 flagitiis
687 1376 743 1431 tuis
757 1391 806 1432 me
820 1373 960 1432 infamem
976 1373 1050 1432 fleri.

120 1497 145 1544 15
201 1473 250 1531 So.
280 1473 321 1529 Di
347 1471 439 1529 istaec
463 1470 657 1547 prohibeant!
706 1471 764 1531 Crr.
796 1472 878 1530 Deos
902 1471 1022 1530 nescio:
1056 1473 1122 1546 ege,
1146 1469 1228 1545 qnod
1255 1479 1370 1546 potem,

499 1568 612 1636 sedulo·
1078 1568 1079 1572 ’

190 1649 192 1654 ’
280 1665 405 1740 Quaeris
419 1665 450 1724 id
464 1665 546 1741 quod
561 1666 661 1738 habes,
676 1666 826 1741 parentis3
847 1664 929 1740 quod
944 1665 1028 1724 abest
1041 1681 1102 1722 non
1116 1667 1241 1739 quaeris,
1256 1663 1333 1739 patri

281 1763 350 1838 Quo
364 1762 457 1822 modo
471 1763 635 1838 obsequare
650 1772 680 1820 et
693 1772 726 1822 ut
740 1761 838 1821 s'erues
852 1762 934 1838 quod
948 1762 1050 1821 labore
1064 1762 1217 1820 inuenerit.
1292 1759 1371 1818 1040

281 1861 352 1920 Non
368 1860 439 1918 mihi
456 1877 510 1934 per
523 1860 650 1918 fallacias
665 1859 816 1918 addicere
830 1870 898 1918 ante
913 1861 1015 1919 oculos
1036 1903 1043 1916 .
1068 1904 1074 1918 .
1094 1857 1260 1938 (pausz'ng)
1279 1857 1372 1934 pudet

281 1960 390 2017 Dicere
405 1958 461 2016 hac
475 1959 631 2032 praesente
644 1956 769 2016 uerbum
784 1959 889 2032 tnrpe;
910 1966 940 2016 at
955 1966 984 2016 te
999 1955 1030 2015 id
1045 1956 1124 2016 nullo
1140 1955 1231 2015 modo

284 2057 395 2114 Facere
419 2054 534 2130 puduit.
577 2054 630 2114 CL.
657 2052 845 2132 (penitently)
871 2040 966 2128 Eheu,
991 2071 1081 2129 qnam
1106 2071 1184 2112 nunc
1209 2057 1288 2113 totus
1312 2051 1371 2110 dis-

503 2152 601 2227 pliceo
614 2151 696 2224 mihi,

282 2250 380 2324 Quam
394 2248 506 2324 pudet!
527 2266 625 2325 neque
636 2247 718 2324 quod
732 2248 909 2325 principium
924 2249 1042 2325 cipiam
1053 2247 1091 2307 ad
1106 2246 1285 2325 placandim
1300 2247 1369 2306 scio.

673 2471 771 2530 Sennis
792 2486 818 2548 5.

457 2601 558 2659 Enter
570 2601 765 2660 Mmtnomms
776 2600 863 2675 from
878 2602 925 2660 ln's
938 2601 1037 2661 house.

122 2732 297 2780 Mttnttnnmus
316 2730 438 2780 mediates
460 2730 575 2779 between
597 2730 728 2780 CHREMES
750 2730 802 2780 and
824 2731 863 2781 his
885 2747 940 2791 son,
962 2732 1020 2780 who
1041 2731 1128 2796 pleads
1150 2730 1189 2780 for
1212 2730 1371 2794 forgiveness.

164 2813 295 2862 CHREMES
307 2819 424 2861 consents
436 2828 470 2860 on
481 2812 611 2862 condition
622 2813 678 2862 that
689 2814 819 2863 Cntrlrrro
831 2821 856 2863 at
868 2830 931 2864 once
944 2815 1003 2863 take
1013 2814 1100 2863 awife.
1134 2813 1206 2862 After
1214 2829 1284 2862 some
1293 2813 1372 2862 reluc-

165 2901 238 2944 tance
249 2895 283 2943 he
295 2901 419 2954 consents,
432 2895 514 2944 andis
526 2895 647 2959 forgiven.
688 2895 731 2941 He
743 2895 805 2942 then
816 2894 904 2958 pleads
915 2895 953 2943 for
965 2895 1058 2954 SYRUS,
1066 2895 1123 2942 who
1135 2893 1156 2941 is
1167 2893 1220 2942 also
1232 2895 1369 2958 pardoned.

202 3030 439 3088 Mnrtnonnns
541 3029 722 3088 Cnemis
823 3029 1010 3088 Sosrnnrn
1112 3026 1292 3086 Cn1r1rno

285 3120 366 3158 SENES
623 3119 644 3156 11
865 3120 968 3156 MVLIER
1115 3116 1285 3154 ADVLESCENS

122 3225 166 3298 V5
203 3226 264 3283 Mn.
284 3223 514 3304 (soliloquizing)
533 3210 623 3284 Enim
639 3243 711 3284 uero
726 3225 869 3285 Chremes
887 3224 974 3283 nimis
990 3223 1117 3300 grauiter
1130 3222 1241 3281 crnciat
1258 3221 1372 3281 adules-

504 3324 654 3382 centulum
1293 3316 1373 3376 1045

282 3421 437 3496 Nimisque
451 3420 629 3480 inhumane:
652 3423 726 3479 exeo
741 3437 811 3496 ergo
825 3429 858 3478 ut
871 3421 977 3495 pacem
992 3417 1159 3478 conciliem.
1204 3416 1316 3496 (seeing
1327 3415 1374 3474 the

498 3518 609 3596 group)
629 3525 749 3594 optume
