2988 3942
119 215 258 281 tirum]
498 209 576 264 ΗΕΑ
585 215 635 265 VT
636 215 690 264 ΟΝ
714 213 999 265 TIMORVMENOS
1344 218 1378 268 29

122 423 148 472 75
288 395 397 475 [Quod
411 394 540 471 quoique
555 413 706 471 quomque
721 394 858 454 inciderit
873 396 904 455 in
918 406 1059 470 mentem,
1073 397 1164 472 uolet,

285 494 391 570 Neque
406 491 439 551 id
453 493 568 569 putabit
583 511 707 569 prauom
723 511 761 552 an
776 503 889 552 rectum
904 495 958 553 sit:
982 494 1089 574 petet]
1318 495 1378 556 485

283 593 330 650 Tu
343 593 407 650 rem
420 591 515 667 perire
530 600 561 649 et
576 593 672 666 ipsum
687 609 748 650 non
762 595 873 668 poteris
887 593 966 669 pati:

284 691 364 749 Dare
378 687 549 765 denegaris:
572 687 625 748 ibit
639 687 679 747 ad
692 688 763 748 illud
780 689 855 762 ilico,

284 788 353 862 Quo
367 789 503 847 maxume
519 786 599 864 apud
615 797 644 847 te
659 789 691 846 se
708 787 806 847 ualere
823 787 947 846 sentiet:

121 902 151 947 80
285 885 440 945 Abiturum
454 903 486 944 se
501 886 598 946 abste
614 903 679 944 esse
694 885 762 944 ilico
778 885 945 945 minebitur.

204 984 267 1042 ΜΕ.
286 981 507 1062 (thougho‘udy)
526 983 635 1044 Videre
651 1003 723 1042 uera
738 993 827 1059 atque
843 986 884 1041 ita
897 983 940 1041 uti
954 1001 1000 1042 res
1014 993 1059 1042 est
1073 983 1183 1044 dicere.
1318 984 1378 1042 490

204 1082 263 1141 Cu.
283 1082 425 1141 Somnum
440 1080 539 1141 hercle
554 1100 611 1158 ego
625 1081 681 1140 hac
696 1091 785 1140 nocte
800 1081 892 1141 oculis
906 1099 966 1140 non
980 1079 1042 1139 uidi
1054 1082 1137 1154 meis,

286 1180 367 1238 Dum
380 1177 413 1237 id
426 1181 546 1254 quaero,
562 1178 615 1239 tibi
629 1180 681 1255 qui
696 1179 789 1238 filium
805 1182 997 1238 restituerem.

206 1277 270 1335 ΜΕ.
291 1275 470 1354 (gratefully‚
485 1277 606 1353 holding
617 1286 671 1336 out
685 1277 731 1335 Iris
745 1276 851 1354 hand)
872 1275 958 1335 Cedo
972 1274 1126 1335 dextram:
1150 1295 1238 1352 porro
1253 1279 1282 1336 te
1297 1275 1379 1335 idern

507 1384 607 1434 orout
622 1373 721 1447 facies,
736 1372 890 1433 Chremes.
1030 1385 1032 1392 '

124 1487 150 1546 85
207 1473 267 1532 Crr.
290 1470 445 1549 (grasping
455 1471 503 1530 his
515 1471 621 1548 hand)
640 1473 760 1530 Paretus
772 1489 849 1530 sum.
891 1472 953 1530 ΜΕ.
974 1470 1043 1531 Scin
1056 1471 1128 1548 quid
1143 1489 1222 1530 nunc
1236 1471 1334 1530 iacere
1349 1474 1378 1530 te

506 1569 597 1628 uolo?

206 1669 265 1728 Cu.
284 1666 353 1727 Dic.
395 1669 457 1725 ΜΕ.
480 1666 570 1741 Quod
585 1666 700 1726 sensisti
715 1666 779 1726 illes
794 1677 842 1726 nte
856 1665 988 1743 incipere
1003 1666 1111 1740 fellere,
1319 1664 1379 1725 495

288 1763 325 1823 Id
338 1766 371 1824 ut
386 1773 532 1823 maturent
546 1765 662 1823 fecere:
685 1765 774 1840 cupio
788 1764 829 1823 illi
843 1763 913 1822 dare

288 1861 379 1936 Quod
392 1861 464 1935 uelt,
479 1861 570 1938 cupio
584 1860 680 1939 ipsum
694 1862 754 1920 iem
767 1860 880 1920 uidere.
921 1862 981 1921 Cu.
1003 1862 1133 1936 Operam
1149 1860 1238 1920 dabo.

289 1959 412 2018 Pauldm
426 1958 527 2035 negoti
542 1958 582 2017 mi
597 1959 713 2018 dbstat:
736 1959 831 2018 Simus
846 1960 876 2017 et
891 1957 975 2018 Crito

289 2055 386 2115 Vicini
400 2056 492 2116 nostri
507 2056 556 2114 hic
570 2057 723 2133 embigunt
737 2056 776 2115 de
792 2056 920 2130 finibus3
954 2107 956 2110 .

288 2155 340 2213 Me
355 2155 463 2230 cepere
477 2153 635 2212 arbitrum:
659 2153 709 2214 ibo
722 2173 758 2212 ae
773 2153 881 2228 dicam,
895 2163 928 2212 ut
942 2152 1074 2212 dixeram
1318 2152 1379 2213 500

288 2251 420 2327 Operam
434 2250 572 2310 daturum
587 2269 643 2325 me,
660 2251 749 2312 hodie
765 2270 825 2310 non
838 2269 926 2326 posse
942 2255 983 2310 eis
997 2249 1078 2310 dare.

288 2349 439 2409 Continuo
459 2348 509 2407 hic
530 2347 645 2408 adsum.
687 2351 750 2407 ΜΕ.
773 2351 820 2408 Ita
839 2351 960 2424 quaeso.
1007 2348 1170 2424 (Curemus
1192 2369 1259 2424 goes
1283 2349 1330 2425 off
1350 2367 1379 2408 n.

509 2447 705 2506 ΜΕΝΕΕΕΜΕΕ
718 2446 912 2523 soliloqm'zes)
931 2445 963 2504 di
977 2447 1107 2504 uostrem
1122 2443 1223 2516 fidem,

289 2546 336 2603 Ite
349 2547 541 2620 conparatam
557 2561 621 2602 esse
634 2543 788 2602 heminum
802 2551 937 2600 naturam
951 2540 1095 2612 omnium,

289 2642 394 2701 Aliena
407 2641 558 2700 utmelius
571 2639 693 2699 uideant
706 2650 737 2720 et
751 2639 915 2698 diiudicent

289 2739 388 2814 Quam
401 2740 473 2798 sira!
495 2757 533 2797 au
548 2756 585 2796 eo
599 2738 641 2811 fit,
655 2740 725 2814 quta
738 2737 769 2795 in
783 2755 814 2796 re
829 2746 929 2795 nostra
942 2745 992 2794 aut
1006 2734 1116 2812 gaudio
1321 2733 1380 2794 505

290 2837 394 2896 Sumus
409 2834 577 2912 praepediti
591 2834 683 2894 nimio
698 2844 748 2893 aut
762 2833 967 2911 aegritudine?

291 2935 352 2993 Hic
366 2933 438 2992 mihi
452 2951 531 2992 nunc
546 2942 657 3008 quanto
671 2933 736 3009 plus
751 2932 827 3008 sapit
841 2950 931 3007 quarn
945 2933 1064 3008 egomet
1078 2930 1169 2991 mihi!

209 3034 268 3093 (ΣΕ.
292 3030 476 3108 (returning)
496 3030 627 3090 Disselui
641 3049 700 3104 me,
714 3030 825 3090 otiosus
840 3047 961 3106 operam
976 3038 1010 3088 ut
1023 3029 1076 3088 tibi
1091 3027 1203 3087 darem.

132 3155 171 3188 ιω
292 3129 378 3204 Syrus
393 3129 438 3188 est
451 3125 643 3204 prendendus
656 3129 747 3204 etque
761 3125 963 3186 adhortandis
978 3126 1059 3185 mihi.

295 3225 428 3304 (looking
441 3227 573 3284 towards
589 3225 636 3283 his
652 3224 740 3301 door)
758 3226 785 3284 A
798 3227 848 3283 me
863 3224 965 3284 nescio
979 3223 1045 3301 quis
1059 3222 1137 3282 exit:
1160 3222 1294 3283 concede
1311 3223 1380 3282 hinc

443 3309 445 3314 ’
510 3320 644 3395 domum,
1322 3319 1381 3378 510

290 3421 339 3480 Ne
355 3423 410 3479 nes
426 3419 503 3478 inter
519 3436 574 3477 nos
592 3422 754 3494 congruere
771 3420 818 3478 illi
834 3419 971 3478 sentiant.

801 3515 899 3594 (Exit
912 3517 1107 3574 Mnunnurtus
1125 3515 1187 3573 into
1201 3515 1247 3574 his
1261 3515 1375 3590 house.)
