2988 3942
114 257 231 326 ru.7.21.]
491 259 686 309 HEAVTON
709 259 998 310 rrMouVMrrros.

275 443 336 499 A'ut
349 427 440 516 qudrn
454 423 608 499 uenturam
622 439 725 500 dixero
740 450 770 499 et
784 443 974 514 constituero,
988 458 1080 517 quom
1094 441 1119 501 is
1133 443 1215 501 certe

117 556 128 614 ς
279 537 475 610 Re'ndntiarit,
490 538 622 614 Clitipho
635 555 727 613 quom
741 538 772 595 in
785 540 838 613 spe
853 537 997 614 pendebit
1011 539 1118 598 duimi:

278 637 435 713 Decipiam
450 653 485 694 ac
499 653 560 694 uon
573 635 702 709 nenium,
716 635 804 711 Syrus
818 635 890 694 mihi
905 637 988 712 tergo
1002 654 1113 712 poenas
1127 636 1249 713 pendet.

210 733 265 794 Cu.
280 733 378 814 (asr'tle
392 743 420 793 to
435 731 545 809 Surus)
560 733 636 793 Satis
657 736 730 792 scite
751 715 897 808 frromittlt
918 733 981 793 tibi.
1023 735 1069 793 Su.
1089 735 1187 813 (aride
1201 743 1229 793 to
1243 736 1364 812 Cuuu)

497 830 586 908 Atqui
601 839 633 888 tu
647 829 724 889 hdnc
738 831 830 890 iocari
844 831 962 890 credis?

278 927 382 988 Faciet
404 927 460 988 nis'i
485 945 588 987 caueo.
631 929 682 987 Bu.
712 927 756 1008 (lo
780 927 907 1005 herself)
936 929 1113 988 Ddrmiunt:
1143 947 1199 1005 ego
1223 929 1275 1005 pul
1298 930 1370 989 istos

499 1025 707 1085 commonebo.
1310 1027 1370 1086 730

282 1122 328 1201 (to
341 1123 490 1201 Purucu)
510 1125 581 1182 Mea
602 1120 735 1200 Phry'gia,
750 1121 866 1197 audisti,
881 1123 974 1184 mddo
987 1123 1042 1184 iste
1056 1123 1148 1184 homo
1164 1119 1254 1201 quam
1270 1125 1369 1182 uillam

237 1227 239 1236 ’
497 1219 713 1280 ἀοιῐιοηετῑάυίῑ

280 1318 422 1378 Chadni?
463 1319 517 1377 Pu.
539 1317 657 1376 Audiui.
700 1320 750 1377 ΒΑ.
775 1320 950 1377 Prdxumam
968 1337 1033 1378 esse
1050 1319 1118 1378 huic
1135 1319 1230 1378 fundo
1243 1320 1283 1379 ad
1297 1320 1368 1378 dex-

497 1417 596 1475 tram?
636 1417 691 1474 Pu.
713 1416 848 1475 Memini.

211 1515 265 1572 ΒΑ.
279 1513 433 1573 Curriculo
447 1531 604 1589 percurre:
627 1513 707 1588 apud
722 1531 789 1572 eum
805 1514 888 1572 miles
903 1514 1046 1590 Dionysia
1058 1514 1167 1590 dgitat:

211 1612 258 1671 sv.
282 1612 382 1692 (aside
397 1619 425 1670 to
446 1611 568 1688 Culum)
588 1611 668 1686 Quid
689 1611 842 1686 inceptat?
882 1612 935 1670 ΒΑ.
952 1611 1011 1670 Dic
1028 1629 1078 1669 me
1098 1611 1147 1670 hic
1168 1611 1282 1688 oppido
1304 1632 1369 1672 esse

499 1708 620 1767 inuitam
635 1718 723 1784 atque
738 1707 896 1781 adseruari,

278 1807 389 1864 Verum
411 1806 511 1881 dliquo
533 1815 622 1882 pacto
645 1806 736 1865 uerba
760 1825 808 1864 me
832 1806 877 1864 his
902 1805 1036 1866 daturam
1061 1825 1126 1866 esse
1151 1818 1180 1866 et
1204 1811 1368 1867 uenturam.

505 1903 760 1981 (Parvum-stare
774 1903 822 1980 off,
837 1903 880 1980 r.)
1309 1905 1369 1964 735

212 2003 260 2061 Su.
284 1999 396 2082 (audie)
417 2000 493 2059 Perii
506 2000 615 2059 hercle.
661 2001 787 2079 (calling
801 2004 868 2060 ancl
885 2003 1019 2077 running
1029 2010 1058 2060 to
1073 2001 1215 2080 BAccrns)
1234 2003 1368 2076 BacchiS,

500 2099 597 2170 mdne,
612 2116 717 2157 mane:
739 2116 800 2173 quo
815 2099 905 2157 mittis
920 2099 1005 2156 istam
1020 2101 1152 2173 quaeso?

281 2195 355 2256 Iube
370 2198 496 2254 muneat
539 2197 592 2254 ΒΑ.
610 2196 654 2272 (lo
669 2194 817 2272 Purrou)
838 2197 862 2254 1.
897 2196 943 2254 Su.
966 2195 1046 2270 Quin
1060 2198 1104 2254 est
1118 2206 1253 2272 paratum
1266 2200 1368 2273 argen-

500 2302 572 2352 tum.
614 2293 667 2352 ΒΑ.
688 2292 769 2367 Quin
783 2310 840 2368 ego
854 2294 971 2352 maneo.
1017 2295 1166 2371 (Purrcu
1181 2294 1324 2372 returns.)

212 2393 259 2452 Sv.
278 2394 369 2466 Atqui
382 2391 441 2449 iam
456 2390 582 2450 dabitur.
624 2391 677 2449 ΒΑ.
698 2375 738 2448 Vt
752 2389 842 2449 lubet.
883 2409 955 2448 num
969 2408 1025 2466 ego
1040 2392 1138 2450 insto?
1178 2392 1225 2450 Su.
1246 2393 1285 2449 At
1306 2393 1369 2449 scin

498 2487 571 2563 quid
585 2487 695 2547 sedes?

211 2589 264 2646 ΒΑ.
279 2586 382 2661 Quid?
421 2587 469 2645 Su.
490 2586 742 2645 Trlnseundumst
756 2588 834 2643 nunc
850 2585 904 2645 tibi
917 2585 976 2644 huc
990 2585 1028 2644 ad
1044 2585 1258 2644 Menedemum
1272 2596 1303 2644 et
1320 2596 1370 2644 tua

499 2688 611 2760 pempa

279 2783 325 2840 Eo
353 2781 572 2841 traducendast.
614 2783 666 2841 Bu.
693 2779 911 2858 (suspiciously)
938 2781 1036 2856 Quam
1064 2800 1126 2840 rem
1155 2781 1226 2858 agis,
1254 2782 1370 2840 scelus?

499 2881 547 2939 Su.
569 2864 676 2955 Egon?
696 2889 850 2954 argentum
865 2879 954 2952 cudo,
1310 2879 1368 2937 740

278 2977 369 3051 Quod
393 2977 447 3036 ubi
471 2975 551 3038 dem.
593 2979 645 3035 ΒΑ.
674 2976 805 3052 Dignam
830 2979 877 3035 me
903 2987 998 3051 putas,
1023 2996 1112 3053 quam
1137 2976 1274 3035 inludas?
1318 2978 1367 3036 Su.

504 3071 674 3151 (pleald'ng)
695 3075 765 3132 Non
779 3083 824 3132 est
839 3076 960 3133 temere.

213 3175 265 3232 ΒΑ.
281 3172 418 3231 Etiamne
433 3181 532 3230 tecum
547 3171 594 3228 hic
609 3174 655 3230 res
670 3171 791 3230 mihist?
831 3171 878 3230 Su.
900 3170 1052 3230 Minume:
1075 3181 1158 3230 tuom
1173 3170 1227 3229 tibi
1241 3168 1347 3230 reddo.

210 3271 263 3329 ΒΑ.
278 3271 379 3328 uetur.
439 3269 493 3328 CL.
523 3269 651 3344 Sequere
682 3269 748 3328 hac.
805 3269 926 3347 (Curru
954 3269 1022 3325 and
1051 3268 1144 3327 Surus
1170 3287 1209 3343 go
1240 3288 1311 3328 over
1339 3276 1368 3327 to

499 3368 717 3425 Muuunuuus’s
738 3365 835 3441 door.)
883 3365 909 3424 S
913 3377 936 3423 ν.
961 3363 1098 3442 (calling)
1125 3367 1219 3438 Heus,
1242 3367 1366 3424 Drom0.

501 3463 633 3542 (DRouo
653 3473 779 3540 appears
800 3464 832 3520 in
854 3463 901 3521 the
921 3460 1086 3537 doorway.)
1139 3463 1199 3521 Dr.
1224 3463 1297 3536 Quis
1319 3465 1367 3520 me

496 3562 580 3623 uolt?
620 3561 667 3623 Su.
687 3560 731 3641 (lo
746 3559 875 3638 Duouo)
894 3561 989 3638 SyruS.
1032 3560 1090 3618 Du.
1112 3558 1194 3634 Quid
1208 3561 1252 3618 est
1266 3560 1328 3620 rei?
