2988 3942
489 231 567 280 HEA
576 230 680 279 VTON
700 229 984 278 TIMORVMENOS.

312 411 415 471 Habet
429 412 575 472 bonorum
590 411 767 486 exemplum,
784 429 844 486 quo
858 411 996 486 exempld
1010 410 1067 470 sibi

311 510 415 568 Licere
430 508 462 566 id
477 509 574 567 faeere
589 508 671 584 qued
685 509 725 566 illi
740 509 873 566 iecerunt
887 517 979 582 putat.

309 606 388 664 Tum
402 606 484 682 qued
499 606 653 664 maliuoius
667 608 753 664 uetus
767 607 858 680 poeta
872 605 996 678 dictitat,

310 705 447 779 Repente
462 703 501 762 ad
515 703 645 762 studium
660 703 738 761 hunc
752 721 784 762 se
799 702 962 778 edplicasse
977 703 1130 776 musicum,

310 803 448 860 Amicum
462 801 582 877 ingenio
597 801 713 874 fretum,
728 799 808 858 haud
822 803 925 858 nature
939 818 1008 859 sua:

310 898 470 958 Arbitrium
484 907 626 972 nostrum,
641 903 741 957 uestra
754 898 941 957 existumetio

309 996 434 1055 Valebit.
477 1014 536 1071 qua
550 1014 581 1054 re
596 1000 692 1054 omnis
705 1014 760 1054 uos
774 1000 872 1055 orates
885 995 964 1069 u010,

311 1094 358 1152 Ne
373 1094 439 1168 plus
453 1093 586 1168 iniquom
600 1093 694 1167 pdssit
708 1111 798 1170 quam
812 1111 940 1168 aequom
954 1093 1058 1154 oretio.

311 1191 412 1248 Facite
427 1191 513 1266 aequi
528 1191 599 1263 sitis,
615 1190 684 1249 dete
698 1190 854 1250 crescendi
867 1191 994 1266 cepiam,

311 1289 464 1346 Noudrum
478 1288 529 1362 qui
543 1288 699 1363 spectendi
713 1289 823 1346 iaciunt
837 1289 956 1362 eripiam

309 1386 377 1444 Sine
391 1385 479 1445 uitiis.
519 1403 558 1444 ne
573 1385 620 1443 ille
635 1390 690 1461 pre
704 1404 737 1444 se
751 1386 864 1444 dictum
878 1389 1044 1459 existumet,

310 1483 370 1557 Qui
380 1485 476 1558 ndper
489 1483 559 1540 iecit
573 1485 660 1542 seruo
674 1484 801 1541 currenti
815 1487 845 1542 in
859 1483 907 1541 uia

311 1581 441 1639 Decesse
454 1581 618 1655 populum:
641 1584 717 1655 quer
730 1581 835 1639 insano
849 1581 977 1639 seruiat?

310 1680 357 1736 De
372 1678 445 1737 illius
459 1678 591 1752 peccatis
605 1678 689 1752 plura
703 1676 793 1750 dicet,
808 1682 899 1753 quem
915 1677 998 1737 dabit

308 1776 388 1833 Alies
403 1765 503 1847 nouas,
518 1775 574 1833 nisi
589 1775 680 1832 iinem
694 1775 858 1833 maledictis
872 1775 952 1833 iacit.

308 1872 420 1931 Adeste
435 1890 530 1948 aequo
545 1873 654 1946 auim0,
669 1873 738 1932 dete
752 1876 931 1948 potestatem
945 1872 1018 1931 mihi

309 1970 463 2029 Statariam
477 1989 565 2047 agere
579 1980 612 2029 ut
625 1972 713 2030 liceat
726 1989 780 2046 per
794 1971 951 2043 silentium,

310 2068 358 2125 Ne
372 2070 490 2144 semper
503 2087 604 2127 seruos
618 2071 747 2141 currem,
762 2069 852 2127 iratus
866 2087 965 2140 senex,

310 2163 395 2222 Edax
409 2165 561 2240 parasitus,
576 2163 759 2241 sy'cophauta
773 2174 872 2224 autem
887 2164 1042 2240 inpudens,

306 2263 419 2320 Auarus
433 2262 500 2320 leno
515 2262 639 2322 adsidue
652 2262 761 2339 agendi
775 2267 832 2321 sint
846 2263 918 2320 mihi

309 2359 447 2419 Clamdre
461 2378 587 2433 summo,
602 2363 670 2419 eum
685 2360 785 2419 labore
798 2361 945 2419 mexum0.

309 2458 381 2515 Mea
394 2459 483 2515 causa
497 2475 616 2516 causam
631 2457 707 2516 hanc
722 2457 828 2515 iustam
842 2475 906 2516 esse
921 2459 1052 2516 animum
1066 2457 1208 2532 inducite,

307 2555 348 2612 Vt
361 2554 459 2629 eliqua
472 2571 539 2630 pars
553 2554 662 2614 laberis
676 2555 823 2613 minuatur
837 2555 917 2614 milri.

309 2652 388 2709 Nam
402 2654 482 2710 nunc
495 2671 588 2711 nouas
602 2653 652 2728 qui
667 2653 806 2725 scribunt,
822 2652 862 2710 nil
877 2657 1003 2727 parcunt
1017 2653 1098 2712 seni:

309 2749 339 2807 Si
352 2751 427 2823 quae
443 2750 623 2823 laboridsast,
638 2749 676 2808 ad
692 2769 739 2808 me
755 2749 879 2808 curritur
888 2771 897 2823 ;

308 2846 338 2904 Si
351 2845 424 2904 lenis
438 2856 492 2920 est,
507 2847 546 2906 ad
560 2847 649 2905 tilium
663 2847 795 2906 defertur
807 2865 936 2923 gregem.

309 2943 345 3001 In
359 2943 414 3001 hec
429 2953 473 3002 est
487 2961 560 3019 pura
574 2945 677 3003 oratio.
720 2945 903 3019 experimini,

308 3040 344 3097 In
358 3042 511 3116 utramque
526 3050 640 3116 partem
655 3041 806 3117 ingenium
820 3042 893 3118 quid
907 3046 1001 3118 possit
1013 3061 1123 3102 meum.

308 3138 338 3196 Si
351 3140 512 3213 numquam
527 3157 614 3198 auare
629 3139 757 3214 pretium
772 3141 859 3198 statui
871 3144 924 3198 arti
939 3159 1023 3199 meae

307 3235 347 3292 Et
360 3252 428 3292 eum
443 3238 506 3294 esse
521 3247 676 3311 quaestum
690 3237 722 3295 in
736 3237 866 3295 Animum
882 3237 984 3296 induxi
998 3241 1177 3310 maxumum,

307 3331 406 3404 Quam
420 3335 557 3391 maxume
572 3337 681 3393 seruire
695 3335 801 3393 uostris
816 3334 1000 3393 cdmmodis:

308 3429 486 3504 Exemplum
500 3431 618 3489 statuite
633 3433 663 3488 in
677 3449 735 3502 me,
749 3441 782 3488 ut
796 3430 1008 3490 adulescentuli

305 3524 399 3583 Vobis
413 3526 530 3600 placere
545 3526 684 3585 strideant
698 3527 796 3601 potius
810 3530 899 3602 quarn
913 3528 979 3587 sibi.

531 3668 932 3687 m—
